3086 5068
634 485 793 542 ..55-

281 615 384 690 dccipc
398 624 530 688 praeicrcc
542 631 604 690 qnae
618 632 734 689 corpora
748 627 805 676 uuio
817 633 930 674 neccsse
940 626 983 674 cst

282 718 437 798 Confitearc
450 737 511 778 csse
521 721 550 776 in
560 721 656 794 nebus,
669 736 720 778 noc
730 737 812 794 posse
821 722 908 778 videri
918 715 980 798 (i).

250 862 346 948 Quod
362 863 404 934 ad
419 861 704 947 confirmandum,
724 863 765 934 ad
781 863 900 933 multos
914 859 1145 933 similitudines
1158 883 1236 933 cou-

200 984 298 1075 iogst,
325 983 446 1075 quibus
472 981 704 1054 tantummodo
726 982 842 1075 probat
870 1002 945 1073 quae
963 1003 1064 1053 uuum
1095 1002 1231 1054 sensum

199 1109 332 1201 fugiunt
346 1109 388 1180 ab
403 1110 522 1192 altero,
537 1110 565 1180 si
585 1108 757 1201 paululum
772 1116 918 1182 autentus
933 1109 976 1179 sit
989 1111 1132 1194 animus,
1157 1129 1233 1200 per·

199 1231 268 1323 cipi
286 1251 398 1324 posse.
419 1230 503 1316 Quid
527 1239 640 1301 audem
655 1229 697 1300 ad
717 1250 801 1314 rem,
819 1251 922 1322 quum
938 1230 979 1300 de
993 1230 1032 1300 iis
1051 1250 1127 1322 quae
1143 1228 1232 1299 nudo

202 1351 302 1422 modo
320 1351 471 1422 sensibus
483 1350 711 1442 percipiuntur
729 1361 809 1442 agai
833 1350 1021 1435 Lucretius,
1040 1359 1142 1442 adque
1165 1349 1234 1418 ho-

199 1473 298 1561 mini,
316 1472 395 1544 nihii
411 1471 475 1542 nisi
489 1491 593 1544 sensu
605 1470 841 1563 cognoscenti,
857 1472 965 1542 omnio
977 1471 1158 1544 simulacra
1173 1480 1234 1542 ant

198 1595 306 1687 prima
321 1615 462 1688 corpora
475 1594 612 1666 omnino
629 1602 709 1666 sunt
725 1594 817 1687 quasi
837 1616 904 1666 non
919 1605 1043 1666 esseni.

249 1717 356 1789 Piacct
370 1739 449 1808 engo
466 1725 585 1788 desuem
600 1717 723 1788 iterum
738 1717 898 1788 adhibere
911 1718 1023 1809 ipsum
1039 1717 1230 1788 Lucretium

198 1841 254 1933 qui
270 1862 407 1933 corpora
423 1850 457 1912 ci
470 1843 566 1913 inane
580 1841 751 1934 ejusdem,
771 1842 839 1912 imo
857 1847 954 1912 inane
973 1841 1106 1933 majoris
1121 1841 1231 1910 adres

196 1965 384 2038 formandas
403 1967 561 2038 momenti
576 1985 649 2036 esse
663 1966 753 2038 dicit.

276 2120 386 2194 Omnis,
403 2137 432 2184 ut
441 2135 495 2201 cst,
511 2127 596 2202 igitur
609 2144 658 2198 per
669 2144 700 2184 sc
712 2137 810 2184 natura
824 2128 932 2185 duabus

274 2225 407 2288 consono
416 2232 442 2288 io
455 2231 538 2288 rebus
551 2245 557 2286 :
573 2248 635 2288 nam
648 2241 846 2303 corporascit,
861 2241 888 2288 et
897 2232 990 2298 inane,

276 2331 345 2393 Haec
358 2336 387 2392 in
401 2353 456 2410 quo
468 2337 520 2394 sita
532 2347 607 2412 sunu,
622 2347 650 2394 ei
660 2354 714 2410 qua
728 2337 838 2394 diversa
851 2347 1006 2394 mouentur.

274 2436 384 2513 Corpus
397 2443 469 2498 cuim
483 2458 532 2514 per
546 2458 576 2498 se
589 2443 742 2499 communis
755 2443 865 2508 dedicat
875 2459 938 2499 esse

273 2541 380 2602 Sensus
393 2558 401 2600 :
419 2561 474 2618 quo
484 2546 536 2602 nisi
548 2545 636 2617 prima
646 2546 714 2602 fides
727 2545 838 2602 fundata
850 2545 964 2611 valebit,

277 2645 358 2706 iiaud
371 2650 423 2706 crit
436 2650 552 2707 occultis
565 2651 600 2707 de
612 2651 758 2723 rebusque
773 2645 935 2717 referentes,

274 2748 445 2810 Confirmare
454 2755 561 2811 animos
570 2755 721 2827 quidquam
734 2753 839 2810 ratione
850 2769 994 2826 queamus.

275 2853 346 2913 Tum
361 2873 443 2930 pomo
455 2858 532 2914 locus
544 2875 576 2915 ac
588 2858 707 2930 spatium
723 2851 799 2930 quod
809 2858 891 2913 inane
906 2872 1035 2914 vocamus

275 2955 306 3016 Si
316 2961 421 3017 nulium
433 2959 514 3028 ieret,
531 2961 742 3034 haudquaquam
754 2960 806 3017 sica
818 2976 933 3032 corpora
945 2970 1057 3031 possem

274 3059 357 3131 Esse,
371 3079 462 3137 nequo
477 3065 588 3122 omnino
599 3079 738 3137 qucquam
751 3065 861 3120 diversa
876 3080 968 3119 meane
986 3057 1046 3140 (d)

275 3269 335 3330 Nec
349 3283 439 3330 umen
454 3273 576 3345 undiquc
594 3289 725 3345 coupmea
740 3273 839 3344 stipata
854 3281 981 3329 tenentur

274 3373 377 3434 Omnia
388 3386 496 3447 natura,
510 3392 629 3449 namque
639 3386 681 3432 ast
695 3377 722 3432 iu
737 3377 821 3434 rebus
831 3376 930 3432 inane:

275 3477 357 3549 Quod
371 3482 421 3538 cibi
436 3497 570 3557 cognosse
583 3482 612 3537 in
626 3482 719 3538 mullis
732 3482 784 3538 cuit
796 3483 863 3540 utile
879 3483 974 3550 nebus,

276 3581 336 3640 Nec
349 3585 421 3641 sinet
434 3593 574 3640 errantem
587 3584 739 3641 dubitares
755 3594 891 3658 quaereret
901 3600 1011 3657 semper
1026 3579 1089 3660 (3).

245 3737 331 3821 Quid
354 3758 433 3808 vero
460 3759 501 3808 ea
525 3737 639 3807 ultima
673 3738 775 3808 verba
803 3738 1006 3830 significant,
1033 3737 1096 3808 nisi
1128 3737 1236 3808 omnis

237 3978 288 4058 (1)
305 3979 431 4050 Luccei,
449 3997 472 4052 1,
489 3981 635 4039 did-iii.

238 4082 290 4164 (2)
304 4085 360 4156 iu,
376 4101 403 4153 ι,
418 4085 559 4143 iou-unu.

238 4187 394 4270 (3>1u.‚1‚
412 4189 559 4247 dau-333.
