3086 5068
731 535 769 547 ...
791 505 829 561 Η
852 537 888 548 -.

293 623 675 740 ωυΙιῆρΙὶοὶ,’ᾳυο«ωὶιιυε
685 635 853 718 distincto,
867 655 907 705 eo
916 634 1022 726 magis
1035 631 1187 716 terribili,
1202 604 1324 725 ubique

291 762 482 831 dominatur
516 759 566 827 vis
592 747 814 849 omnipotens,
843 756 1026 840 Quomodo
1055 746 1166 826 autem
1195 757 1231 826 in
1266 757 1327 827 has

289 875 445 973 regiones
458 881 587 952 incitem
604 881 726 950 n‘ditum
745 901 764 949 a
778 868 978 972 portentosis
993 879 1033 949 iis
1046 879 1241 948 numinibus
1255 879 1325 948 ob-

289 1006 420 1075 tineas?
434 1005 518 1074 Num
531 1004 658 1074 diorum
674 1003 797 1094 ignotae
815 1002 975 1072 voluntati
990 1001 1221 1073 satisfactum?
1237 999 1326 1072 Num

289 1127 421 1196 ittornm
445 1128 554 1216 gratia
575 1135 690 1196 natura
710 1124 858 1194 humana
876 1125 959 1194 'satis
974 1123 1105 1194 eruto.i
1126 1121 1244 1194 Nonne
1266 1124 1328 1194 ni-

253 1256 255 1260 ’
289 1247 807 1324 miumtibietsoeietativixistii
822 1233 1325 1331 Quidverobonorumistorum

288 1373 341 1442 die
361 1373 477 1442 mortis
492 1371 668 1463 superestt
692 1371 790 1458 Quid,
807 1369 869 1440 nisi
882 1369 949 1439 soie
971 1391 1074 1457 mors,
1092 1369 1163 1438 sola
1176 1351 1329 1438 omnium

288 1513 398 1563 rerum
409 1491 608 1565 exstinctio?
618 1493 687 1563 Heu
701 1491 709 1560 i
723 1492 1026 1562 vonannmanitate
1037 1491 1171 1561 indutus
1187 1476 1326 1561 inaetei-

287 1629 364 1684 nom
378 1615 492 1701 vitum,
515 1612 580 1705 quo
599 1614 679 1683 nihii
696 1613 833 1682 humani
853 1612 976 1684 intrare
991 1612 1038 1682 ios
1058 1593 1122 1694 est,
1140 1611 1268 1683 admitti
1293 1619 1326 1682 te

289 1730 387 1828 posse
433 1737 586 1827 putabas-
617 1735 755 1805 Voluisti
793 1755 893 1824 agere
923 1734 1120 1803 bominem:
1153 1733 1327 1803 bominem¹

289 1858 399 1948 egisti.
431 1857 515 1940 Quid
533 1879 612 1928 vero
634 1857 776 1948 amplius
805 1856 861 1925 tibi
878 1855 947 1946 jam
968 1876 1105 1948 sperare
1124 1851 1229 1926 linet?
1252 1841 1327 1924 Tibi

287 1977 387 2047 animi
403 1988 503 2069 atque
521 1979 671 2068 eorporis
685 1978 809 2049 sanitas
827 1975 962 2046 maximi
979 1977 1075 2066 pretii
1092 1977 1162 2046 visa
1178 1985 1246 2047 est:
1268 1975 1326 2046 iiia

287 2098 404 2168 fruitus
420 2119 468 2168 es.
486 2097 557 2168 Jnrn
574 2109 624 2169 est
641 2108 810 2188 corrupto.
829 2097 913 2166 Nihil
927 2097 1029 2166 bodie
1043 2105 1075 2166 te
1091 2087 1221 2180 monet'
1245 2095 1324 2178 nisi,

288 2219 375 2309 qnod
397 2219 429 2287 in
450 2219 517 2300 vito
538 2219 706 2309 possidere
722 2217 907 2307 gaudebas,
923 2226 1086 2286 aeternurn
1102 2216 1158 2286 tibi
1174 2217 1324 2286 ablatum
1348 2204 1353 2212 ’

286 2338 424 2408 sentire.
456 2338 526 2421 Quo
553 2335 656 2424 redis,
679 2337 740 2406 nisi
763 2336 916 2421 addens,
938 2337 994 2427 qni
1013 2335 1070 2405 tibi
1088 2345 1206 2426 praeter
1221 2335 1325 2407 vitam

286 2457 396 2528 omnin
404 2459 551 2527 adimere
567 2465 809 2547 possunt‚‘quae
826 2456 1163 2527 niminmndamosti?
1176 2449 1298 2540 Vontibi
1315 2457 1323 2526 i

287 2580 370 2648 Sirnt
384 2579 484 2649 invidi
499 2578 543 2648 iiii
559 2578 616 2666 dii,
634 2601 773 2670 quorum
784 2580 881 2648 bodie
894 2581 925 2649 in
940 2592 1073 2649 monum
1085 2567 1190 2666 endis,
1202 2587 1237 2652 et
1250 2581 1325 2673 qui·

285 2702 361 2782 bns,
379 2701 458 2770 dum
471 2705 617 2790 poteras,
636 2721 701 2770 non
721 2702 832 2768 omnia
847 2701 901 2768 itin
917 2701 1152 2790 posthabuisti,
1175 2723 1248 2794 quoe
1266 2713 1325 2773 tna

285 2825 418 2914 proprio
432 2821 614 2904 credebis,
633 2832 665 2892 ot
683 2843 758 2912 quoe
772 2823 872 2892 hodie
887 2815 919 2892 te
932 2824 1093 2896 deserunt
1107 2828 1321 2896 moriturum.

285 2943 377 3026 Quod
395 2951 536 3012 mortem
552 2942 693 3012 dicisest
707 2943 814 3034 atiquo
834 2945 945 3034 imago
960 2944 1115 3030 derorum
1131 2957 1162 3017 te
1180 2948 1268 3016 orn'ni
1284 2949 1327 3016 re‘

284 3065 508 3155 spotiantium‚
531 3075 563 3136 et
575 3068 771 3136 tecontinud
782 3067 843 3136 boe
860 3066 1056 3156 spoliatione
1071 3069 1188 3139 vivum
1199 3061 1232 3138 et
1246 3049 1325 3138 sen·

286 3187 425 3257 tientem
439 3193 679 3279 torquentium.
698 3188 782 3258 Vivo
794 3185 895 3279 igi-tur
910 3191 1024 3258 mortis
1034 3179 1167 3281 semper
1180 3194 1321 3274 memor,-

285 3331 359 3400 quae
378 3317 411 3378 te
429 3329 508 3379 mox
526 3310 652 3392 invida,
670 3311 905 3392 ineluetabilis,
929 3312 1157 3397 inexorabilis
1181 3314 1329 3383 tenebit.'

283 3430 338 3512 Et,
353 3431 434 3500 dum
444 3442 551 3522 potes,
566 3441 721 3512 mortem,
737 3432 767 3500 id
776 3431 930 3521 estdeos,
942 3435 1146 3526 placaturus,
1159 3433 1228 3523 ipse
1243 3437 1277 3504 in
1288 3443 1321 3505 te

284 3550 419 3622 destruo
429 3552 781 3644 quodpauoisdiebus
793 3565 976 3636 servotum,
991 3567 1153 3626 aeternnm
1165 3557 1323 3627 destrua-

283 3674 615 3764 moresquamum
629 3677 660 3746 in
679 3685 709 3746 ie
726 3687 794 3764 est,
811 3687 1000 3770 opportuna
1015 3677 1203 3748 adulatione
1223 3679 1325 3749 morti

284 3795 428 3864 similem
441 3795 556 3877 facim,
573 3804 673 3887 quom
690 3799 949 3890 omnipotentem
963 3801 1008 3868 tui
1021 3785 1140 3890 postea
1151 3800 1326 3870 miserenti

284 3914 572 3998 Quemadmodum
587 3920 750 3990 enimsub
763 3922 851 3990 omni
866 3943 975 3994 rerum
988 3931 1120 4005 nature,
1136 3921 1211 4013 qur'e
1224 3941 1322 3991 sern-

283 4037 419 4128 piterno'
436 4047 524 4108 motu
547 4048 581 4108 et
597 4049 757 4132 perpetua
777 4044 959 4112 mutatione
978 4052 1127 4127 constat,
1155 4028 1234 4112 nihii
1257 4043 1321 4112 nisi

286 4156 367 4226 dens
380 4160 550 4249 ognosois;
567 4159 611 4229 'rto
624 4162 688 4232 sub
706 4173 831 4248 morte,
849 4179 951 4254 quom
970 4163 1223 4234 meiiusnovom
1241 4163 1324 4233 vitre
