3086 5068
620 551 655 562 ..
680 517 696 576 5
719 550 757 562 ..

172 661 231 717 'our
262 668 302 717 ea
331 667 405 738 quaa
434 637 506 717 non
532 655 625 717 erant
653 669 726 717 esse
753 629 924 736 incipiant.
948 643 1027 714 Nos'
1043 641 1126 734 sagit
1152 639 1215 734 qni

172 771 239 840 sint
253 780 289 840 et
306 769 472 861 quomodo
491 777 594 860 agant
608 768 653 840 iili
668 769 726 854 dii,
745 788 830 862 quos
845 767 961 856 simui,
977 775 1016 836 'nt
1032 764 1126 848 deos,
1144 766 1211 835 ali-

172 892 251 984 quit
265 913 339 962 esse
350 891 503 983 quoniirit
513 891 881 983 majusoonoipiqueat,
890 899 937 977 et,
949 898 983 961 ut
995 886 1108 958 mundi
1117 907 1212 956 orea-

174 1026 279 1101 tores,
299 1016 411 1084 omnia
424 1013 653 1084 diversissima
664 1001 947 1104 atque‘oontraria
966 1012 1091 1102 pariter
1103 1009 1210 1079 iaoere

173 1137 389 1208 arbitramur.
402 1121 479 1206 inde
493 1135 577 1206 mira
595 1157 636 1206 ea
652 1134 744 1227 vulgi
760 1134 802 1204 de
820 1133 881 1204 diis
897 1133 1006 1224 opinio
1025 1155 1033 1199 ε
1054 1153 1110 1201 eos
1127 1128 1209 1201 nihii

172 1268 301 1331 certum
325 1257 498 1349 fixumque
524 1257 709 1348 possidere,
735 1256 793 1326 sed
823 1255 935 1324 omnia
964 1273 1087 1344 posse,
1107 1261 1211 1346 atque

150 1403 152 1410 ¹
173 1381 264 1452 nnita
287 1381 375 1472 lege,
393 1379 485 1450 nnita
499 1379 703 1450 necessitate
720 1378 841 1450 teneri.
858 1377 938 1447 lnde
954 1383 1114 1446 irnrnensa
1132 1395 1210 1444 nos·

174 1514 225 1576 tra
244 1504 417 1585 anxietas,
435 1523 539 1595 quum
558 1501 638 1573 nihii
654 1501 718 1592 ipsi
737 1523 796 1594 per
820 1523 881 1571 nos
897 1501 1013 1580 simus,
1038 1517 1208 1590 qnurnque

175 1625 285 1696 nntius
299 1625 386 1716 rius,
403 1625 459 1696 oni
470 1629 582 1697 narnia
593 1626 779 1709 referimus,
797 1623 932 1693 infinitae
947 1619 1124 1690 voluntatis
1140 1639 1210 1688 mo-

176 1747 239 1818 dus
255 1747 412 1840 nullaque
430 1751 514 1819 ratio
529 1759 702 1840 appareat.

221 1963 272 2032 De
286 1970 374 2032 meta
388 1959 524 2032 deorum
538 1971 570 2032 et
586 1960 775 2055 tartarorum.
801 1996 849 2010 ·-
867 1957 998 2026 Etenim
1005 1957 1211 2047 ,quominus

173 2084 284 2154 omnia
307 2083 437 2154 fortuito
450 2084 520 2152 sieri
538 2081 788 2173 cretosaque
806 2091 840 2152 ut
856 2082 964 2152 atiena
981 2090 1014 2150 et
1030 2080 1117 2148 mata
1134 2078 1211 2148 hor·

174 2226 263 2292 reaS,
274 2206 351 2300 quid
368 2205 424 2277 tibi
435 2206 556 2288 obstat,
568 2206 678 2282 intenti
694 2205 851 2276 arandum
865 2225 968 2298 perse
982 2201 1062 2275 nihii
1074 2224 1149 2274 essa
1159 2211 1209 2272 at·

173 2329 362 2426 quaomnia
377 2350 436 2421 per
454 2329 535 2400 deos
548 2329 642 2399 tert?

254 2470 336 2542 Nam,
348 2474 372 2530 si
386 2475 420 2530 de
434 2474 520 2532 nihilo
534 2474 644 2544 tierent,
658 2493 691 2531 ex
706 2477 829 2532 omnibn'
841 2477 923 2533 rebus

253 2573 344 2644 Omne
357 2594 445 2653 genus
457 2581 533 2636 nasci
546 2589 679 2652 nosset...
735 2641 736 2644 ,

173 2707 260 2791 Quot
274 2708 376 2792 mata,
392 2729 491 2800 quarn
506 2707 618 2780 divino
630 2720 703 2779 ortu
719 2710 980 2793 otoisaaanam
991 2709 1219 2782 ‹iehonestant

172 2837 275 2920 atque
292 2825 475 2924 ioedantffi)
490 2829 497 2898 i
514 2829 551 2899 In
571 2840 636 2900 tarn
652 2839 812 2922 pennatae
826 2841 859 2902 et
874 2851 962 2902 oaeoa
975 2853 1084 2901 rerum
1104 2832 1216 2904 nanta.

175 2951 284 3032 tione,
296 2952 375 3042 quid
387 2972 466 3022 vere
478 2953 597 3022 bonum
611 2973 788 3044 agnoscas,
802 2955 880 3045 quiri
893 2955 950 3026 tibi
960 2956 1129 3046 proprium
1144 2957 1211 3025 vin·

174 3075 289 3146 dteest
309 3078 344 3146 Si
361 3077 442 3148 nulii
461 3086 540 3148 sunt
554 3077 617 3165 dii,
641 3080 702 3148 nisi
726 3100 811 3169 qnos
833 3080 977 3150 mundns
994 3078 1161 3161 declarat,
1181 3081 1217 3156 si,

174 3198 301 3270 nntium
317 3199 431 3280 rnnndi
443 3200 659 3292 principium,
671 3201 734 3272 nisi
745 3203 832 3294 quort
852 3202 967 3272 mundi
988 3202 1142 3272 instarsit
1160 3202 1216 3270 in«

174 3321 291 3392 stabile
307 3335 340 3393 et
353 3323 602 3415 imperieotnm,
617 3325 956 3415 continuoquenovas
971 3324 1094 3394 iornras
1108 3323 1215 3392 indu-.

177 3452 301 3526 turum,
313 3444 389 3536 qnid
400 3444 668 3538 snperesttixurn
683 3448 936 3539 immotumque,
947 3447 1002 3518 ubi
1016 3447 1074 3515 tibi
1091 3446 1209 3519 sistere

175 3566 273 3640 detur
286 3567 398 3658 quieto
411 3587 451 3638 ao
468 3567 590 3638 beato‘i
602 3569 684 3662 Quid
696 3590 776 3640 vere
790 3569 877 3644 oanni
891 3589 926 3638 re
937 3571 1103 3659 superius,
1121 3568 1213 3660 quod,

175 3685 233 3758 dei.
248 3689 381 3758 nomina
405 3689 543 3774 salutes,
559 3690 715 3782 qnodque
735 3697 769 3760 ut
785 3709 953 3759 summurn
977 3691 1097 3760 tronum
1120 3689 1218 3760 omni

177 3818 287 3894 raente
301 3810 533 3902 amplectaris?
1215 3889 1217 3896 ,

224 3930 454 4031 Nequidquam
481 3933 561 4004 deos
578 3934 703 4024 tingere
724 3943 834 4004 tentes
852 3934 962 4004 omnia
986 3935 1111 4005 ratione
1130 3956 1213 4005 arr-

215 4099 608 4181 (r)nuera.,1,-rao³-ror.
719 4121 723 4124 ·

216 4205 266 4288 (i)
282 4209 340 4280 to,
355 4226 391 4280 rr,
408 4211 556 4280 itt-1813
580 4227 610 4284 v,
629 4209 775 4281 reo-9003
794 4227 822 4282 v,
841 4207 987 4268 too-rto.
