3086 5068
641 494 780 552 -t-

180 623 443 716 tem,exoogites
453 623 467 716 i
478 621 697 715 Niiamplius,
712 622 756 692 uit
766 622 883 694 metius
893 622 938 694 dii
950 635 1101 716 possum,
1115 647 1215 720 quam

179 746 267 838 quod
284 765 342 816 eos
364 745 397 814 in
414 765 524 815 rerum
545 754 662 815 natura
688 745 879 842 manifestos
901 745 990 818 iacit.
1011 747 1096 832 Quid
1114 750 1215 846 igitur·

180 868 237 938 tibi
251 887 397 958 uuquam
414 865 631 957 sperandum,
659 864 722 935 nisi
752 885 840 936 vana
862 866 935 938 haeo
959 867 1046 964 bona
1068 878 1103 940 et
1129 861 1216 942 maia

178 1009 317 1082 quorum
331 1010 373 1060 ex
383 988 519 1058 alternis
528 985 794 1058 vioibuseonstat
803 987 1024 1061 vitabumana
1033 985 1114 1085 (i)?
1127 991 1216 1063 Boua

178 1119 354 1181 autemtua
369 1108 601 1200 caducaquam
614 1109 979 1201 proximasuntmaiis;
997 1121 1100 1203 atque
1113 1113 1214 1185 etiam

177 1231 265 1302 iniis
286 1250 371 1323 quos
392 1229 516 1300 faustos
537 1228 620 1306 dicis
645 1229 733 1311 drea,
758 1238 918 1322 quantum
947 1241 977 1302 te
994 1233 1131 1324 incertae
1148 1242 1215 1306 tua>

177 1352 375 1425 conditionis
409 1351 611 1429 oonsaieotia
645 1353 718 1425 sine
752 1351 998 1438 intermissione
1028 1335 1150 1448 premit
1183 1367 1217 1428 et

178 1472 288 1564 urget!
315 1473 370 1544 Sie
392 1472 451 1543 tibi
474 1493 607 1563 semper
630 1471 814 1543 vivendum
839 1472 926 1544 tttius
955 1473 1055 1545 simiii
1081 1477 1213 1558 miseri,

175 1598 229 1669 dui
248 1595 339 1668 ensis
355 1617 458 1687 supra
470 1605 572 1688 eaput
590 1596 773 1688 pendebat,
794 1606 826 1668 et
840 1598 896 1689 qui
913 1598 1133 1690 mortemipsi
1153 1599 1214 1669 im·

176 1720 357 1790 minentem
372 1720 528 1790 continuo
544 1719 711 1790 horrebat.

223 1839 341 1932 Neque
352 1841 385 1911 in
400 1842 470 1933 ipsa
483 1849 588 1912 morte
602 1841 811 1911 miseriarum
828 1841 930 1912 tinem
947 1843 1004 1914 tibi
1016 1845 1215 1938 sperarepias

174 1970 238 2032 est.
259 1963 428 2045 Quomodo
448 1963 537 2034 enim
561 1963 620 2034 tibi
652 1972 815 2053 perpetua
838 1965 999 2047 mutatio,
1027 1985 1102 2057 quae
1132 1965 1212 2035 vitae

174 2105 275 2154 causa
307 2093 378 2166 est,
400 2103 512 2156 eausa
541 2085 654 2154 mortis
685 2103 760 2155 esse
791 2083 921 2176 possiti
951 2084 1123 2169 Quomodo
1154 2086 1217 2157 tibi

173 2214 270 2276 entra
288 2207 463 2291 muudum,
481 2208 536 2299 qui
552 2208 643 2297 ipsos
655 2206 755 2277 etiam
772 2206 852 2277 deos
868 2207 1030 2292 eontinet,
1045 2208 1088 2278 sit
1102 2207 1212 2300 periu-

172 2327 289 2418 giumi
305 2326 434 2398 Perses
449 2327 578 2412 mundi,
596 2330 653 2419 qui
676 2337 707 2396 te
727 2336 893 2398 mortuum
912 2326 953 2398 ad
978 2328 1080 2399 vitam
1106 2349 1214 2420 usque

172 2447 292 2518 novum
305 2449 466 2534 servabit,
477 2471 582 2542 usque
594 2471 680 2520 nova
691 2449 829 2519 deorum
843 2448 1154 2520 artearteroeudum
1165 2458 1213 2518 at-

172 2582 239 2659 que
252 2571 484 2662 torquendum.
499 2571 563 2654 Qui
573 2570 622 2641 dii
635 2579 667 2640 te
682 2571 933 2650 vitadonarunt,
944 2569 1004 2639 tibi
1019 2569 1120 2638 vitam
1133 2588 1214 2638 oon·

172 2691 302 2762 tiuuare
312 2701 463 2782 possunt.
477 2694 527 2764 Tu
540 2701 651 2766 autom
663 2713 772 2784 neque
783 2712 844 2782 per
858 2699 890 2761 te
905 2691 1010 2780 nasei,
1028 2709 1138 2781 neque
1151 2710 1212 2782 per

173 2819 206 2880 to
222 2813 305 2884 mori
319 2822 427 2904 potes.
443 2813 752 2898 Quemadmodum,
776 2833 881 2904 quum
898 2813 966 2882 vita
985 2812 1042 2882 tibi
1057 2831 1124 2882 uon
1140 2819 1213 2882 erat

172 2934 317 3026 indepta,
337 2957 412 3010 esse
426 2945 572 3027 poteras,
589 2938 650 3019 sio,
669 2958 771 3029 quum
783 2937 841 3008 tibi
858 2937 929 3007 baeo
945 2936 1012 3006 vita
1026 2935 1117 3020 finita
1131 2937 1207 3023 erit,

172 3058 296 3148 poteris
312 3079 500 3150 superesse.
521 3059 615 3129 Nutta
632 3060 716 3129 ratio
733 3059 818 3130 initii
836 3079 945 3150 neque
963 3058 1040 3127 finis
1054 3066 1206 3148 apparet.

216 3179 337 3250 Contra
353 3200 526 3271 quumper
540 3177 621 3250 daos
636 3181 744 3261 vivas,
764 3180 820 3272 qui
833 3187 997 3249 aeteruum
1015 3179 1147 3266 vivunt,
1164 3177 1210 3247 sis

172 3310 262 3372 totus
280 3302 391 3373 vitatis
405 3323 543 3374 neeesse
560 3313 630 3388 ost,
646 3312 765 3395 atque,
787 3301 827 3372 ad
841 3319 898 3372 eos
917 3310 1022 3371 morte
1036 3300 1207 3387 remissus,

171 3424 293 3495 iterum
314 3415 448 3495 vivendi
464 3426 699 3497 necessitatem
716 3425 853 3505 subeas,
874 3443 916 3494 ea
930 3441 1029 3514 quum
1045 3421 1209 3514 jusserint

170 3554 260 3616 sorte
270 3546 462 3618 damnatus.
476 3531 557 3631 Quae
569 3547 655 3618 enim
665 3548 734 3616 vita
744 3553 943 3638 essequeat,
958 3564 1105 3635 quaenon
1116 3544 1210 3614 dam·

171 3667 258 3737 natio
269 3677 304 3737 et
312 3666 510 3758 supplicium
518 3689 594 3738 esse
606 3667 780 3738 videatur?
792 3667 847 3738 Sio
858 3667 920 3735 tibi
928 3665 1017 3736 nulia
1031 3664 1118 3734 bona
1130 3683 1209 3756 spes

170 3790 203 3859 in
222 3787 392 3878 futurum,
417 3790 475 3860 sed
501 3799 629 3861 tantum
654 3791 834 3864 ooutiuuus
855 3799 963 3860 metus
980 3787 1068 3858 iiiios
1088 3786 1210 3857 divinae

211 4058 262 4140 (i)
278 4059 403 4131 Luaron,
421 4077 471 4132 tlt,
487 4060 637 4154 953-958,
656 4058 839 4117 tuat-tuat.
