3086 5068
744 486 779 498 ...
802 455 839 512 Η
863 485 901 498 .-

290 585 371 678 Q'uis
386 581 516 660 certum
531 586 652 658 habeat
667 607 703 658 sc
720 607 794 658 eam
808 586 905 678 sequi
922 567 1012 657 viam
1028 570 1129 678 quani
1145 568 1328 677 jusserint‚'

290 711 325 784 id
343 711 452 785 iecere
474 709 562 805 quod
583 710 624 780 iis
647 716 841 801 acceptum,
857 729 969 801 neque
985 718 1100 779 contra
1117 708 1255 780 credere
1270 719 1331 781 aut

290 835 377 906 velle
404 835 491 928 quod
515 835 555 903 iis
577 832 621 902 sit
637 826 833 923 ingratum?
851 830 887 901 ln
907 837 1001 900 tanta
1018 830 1121 922 igitur
1142 831 1329 922 ignorantia

290 968 391 1050 atque
405 955 645 1040 imbecillitate,
659 954 740 1024 nihil
751 953 870 1025 metius
885 974 986 1044 quom
1003 973 1041 1022 se
1059 960 1165 1024 totum
1181 953 1244 1024 diis
1256 975 1331 1045 per·

291 1077 435 1160 mittere,
449 1077 592 1170 propria
603 1074 754 1147 utilitatis
767 1074 921 1158 oblitum,
936 1083 1038 1166 q'uam
1054 1073 1098 1144 ab
1112 1073 1153 1146 iis
1164 1075 1202 1144 el
1214 1077 1329 1146 cousi-

290 1199 370 1272 linm
383 1199 592 1270 etauxilium
609 1197 806 1288 implorare,
823 1197 930 1269 donec
943 1195 1023 1289 quid
1037 1193 1099 1266 sibi
1115 1197 1244 1287 placeat
1257 1206 1331 1268 ma-

292 1319 446 1394 nilestum
460 1322 594 1392 iaciant.
717 1309 723 1317 ’

343 1445 426 1514 Dum
440 1443 538 1515 tantis
556 1443 712 1515 homines
730 1441 909 1512 terroribus
923 1441 1077 1532 oppressi
1092 1441 1134 1510 od
1153 1462 1229 1512 aras
1243 1459 1329 1512 con-

292 1567 434 1660 lugiunt
461 1567 571 1660 legem
600 1566 696 1637 alium
717 1585 817 1658 quam
839 1565 1022 1634 humanam
1041 1564 1232 1655 quaesituri,
1260 1586 1331 1642 vox

292 1710 381 1782 saepo
402 1691 535 1763 auditur
550 1692 646 1782 quasi
662 1689 819 1758 divinitus
833 1685 956 1758 emissa
973 1686 1147 1778 quaeritas
1167 1695 1205 1757 et
1218 1686 1335 1758 sacri-

291 1809 366 1882 tlcia
387 1812 541 1904 imperat.
562 1809 793 1903 Nequidquam
811 1815 925 1880 autem
949 1807 1028 1880 caeci
1051 1805 1198 1878 divinam
1219 1809 1331 1900 legem

292 1933 555 2024 amplectuntur,
573 1953 671 2024 quam
692 1931 858 2002 inimicam
874 1913 974 2022 atque
989 1930 1232 2001 damnatricem
1247 1931 1333 2001 hor·

294 2065 383 2137 rent,
413 2064 447 2124 et
473 2043 640 2126 ouiadco
669 2075 734 2125 non
760 2054 861 2124 animi
890 2073 1007 2145 paoem
1033 2053 1179 2123 debitum
1207 2055 1331 2126 reterre

294 2186 443 2266 possunt,
465 2185 502 2246 ut
518 2184 634 2247 contra
647 2177 688 2245 ab
706 2197 747 2246 ea
765 2177 796 2246 in
810 2196 931 2245 novam
951 2173 1220 2267 desperationem
1232 2176 1332 2247 indu·

293 2304 423 2368 eantur.
884 2299 887 2302 ’

342 2416 429 2487 Nihil
443 2418 543 2509 igitur
557 2417 720 2488 funestius
733 2425 826 2488 recte
841 2418 1010 2490 concludit
1024 2419 1195 2490 Lucretius
1207 2419 1260 2490 illa
1275 2439 1335 2490 re*

292 2539 427 2631 ligione,
459 2539 658 2631 ignorantiae
684 2536 764 2622 lilia,
789 2561 867 2630 quae
892 2561 952 2610 nos
974 2541 1138 2611 incertum
1156 2543 1328 2634 ignotum·

293 2681 361 2753 que
387 2661 510 2751 aliquid
536 2661 689 2750 uenerari
707 2661 1090 2753 etrciormidarejubot.
1119 2663 1328 2736 Documento

291 2783 334 2852 sil
365 2781 480 2854 horror
497 2780 669 2865 torminis,
700 2783 797 2872 cujus
821 2805 959 2856 causam
981 2785 1125 2875 primum
1149 2786 1324 2876 ignoraba-

292 2923 384 2992 mus,
405 2911 440 2974 et
462 2903 550 2995 quod
577 2912 655 2974 tuuc
673 2904 765 2975 velut
785 2906 818 2976 in
833 2904 905 2996 ipsa
928 2907 1002 2976 irati
1021 2907 1077 2979 dci
1095 2928 1197 2978 manu
1214 2907 1336 2999 posui·v

292 3045 378 3095 rnus.
399 3026 608 3097 Documento
621 3046 753 3118 quoque
769 3027 812 3098 sit
825 3026 941 3100 horror
957 3031 1095 3100 alterius
1110 3030 1201 3118 vitm,
1216 3030 1327 3122 inqua

290 3148 343 3219 alii
364 3147 502 3219 cuilibet
515 3149 578 3220 deo
599 3161 762 3221 aeternom
775 3151 960 3224 fulminanti
975 3154 1060 3223 tradi
1078 3175 1139 3224 nos
1152 3162 1323 3246 putamus.

340 3269 434 3353 Quod
457 3270 485 3341 si
508 3272 738 3343 tantummodo
765 3263 990 3345 sustineamus
1011 3277 1188 3346 scientiam
1212 3275 1328 3346 colera

292 3389 492 3476 humanam,
530 3391 561 3460 id
594 3401 645 3462 est
679 3413 753 3483 quae
776 3391 932 3466 distincte
961 3396 1132 3466 cernimus
1167 3394 1325 3468 distincto

292 3531 446 3592 cernere,
472 3519 506 3582 ct
524 3533 597 3603 quae
619 3513 788 3584 nescimus
810 3533 871 3584 nos
892 3517 1021 3587 nescire
1039 3517 1155 3602 lateri,
1179 3537 1248 3587 non
1279 3517 1328 3586 ita

291 3634 368 3724 vagi
396 3654 456 3724 per
479 3634 551 3704 loca
575 3636 719 3706 tenebris
742 3645 776 3705 et
800 3617 983 3709 terroribus
1000 3638 1096 3730 pleno
1117 3659 1323 3723 erraremus,

292 3753 351 3824 sed
377 3755 464 3824 clara
486 3753 558 3825 luce
580 3755 621 3824 ad
645 3757 768 3832 bonum
797 3759 974 3850 tranquille
988 3760 1235 3833 incederemus.

295 3901 303 3922 =
340 3875 423 3948 Sunt
448 3875 539 3946 enim
556 3877 619 3948 alto
640 3877 935 3967 catalonorum
955 3882 1058 3967 nodo,
1077 3905 1159 3974 quas
1180 3902 1225 3954 ne
1239 3902 1326 3954 con·
1346 3973 1349 3978 Ι

290 3994 480 4080 tundamus,
496 4005 659 4090 perpetuo
674 4020 787 4070 errore
801 4002 993 4092 damnandi,
1011 4005 1177 4097 praecipue
1191 4013 1225 4076 et
1233 4005 1324 4076 omni

290 4137 392 4209 opera
409 4141 529 4192 cavere
542 4121 718 4194 dehemus.
744 4122 882 4215 Oportet
895 4126 1076 4218 separatim
1087 4127 1146 4201 Del
1165 4136 1345 4201 ctrenrm*
