3086 5068
718 367 760 424 ’-
782 395 839 439 verr
863 409 900 422 -

292 526 399 572 rerum
414 517 461 570 est
480 524 584 570 meum
599 515 656 571 est.
674 505 882 571 Perseverabo
896 503 1064 589 Epicurum
1086 503 1143 570 tibi
1169 505 1325 588 ingerere,

293 632 328 686 ut
342 621 410 698 isti,
426 619 479 705 qui
492 619 524 684 in
537 619 631 685 verba
641 620 763 702 jurant,
783 639 840 684 nec
859 618 937 704 quid
950 618 1071 682 dicatur
1086 619 1260 697 aestimant,
1274 619 1330 684 sed

294 753 408 817 aquo,
425 732 525 797 sciant
542 751 612 816 qnae
628 731 744 816 optima
761 743 836 796 sunt
852 751 920 796 csse
937 730 1113 795 communia
1125 731 1187 815 (t).
1209 757 1225 791 a

342 872 357 906 c
375 846 500 931 Epicuri
514 857 572 923 est,
592 857 645 910 aut
659 845 839 920 Metrodori,
853 856 905 908 aut
919 843 1052 928 alicujus
1069 863 1106 908 ex
1120 843 1180 908 ista
1193 843 1328 908 officina.

293 962 332 1025 Et
345 959 421 1044 quid
437 960 565 1024 interest
581 959 651 1044 quis
667 959 801 1052 dixerat
819 958 971 1054 Omnibus
986 957 1093 1041 dixit(
1116 958 1142 1041 ).
1160 983 1176 1018 »

341 1097 357 1133 a
372 1072 448 1149 Quis
463 1074 540 1150 hoc,
558 1073 684 1157 inquis?
701 1073 863 1157 Tanquam
876 1072 998 1136 nescias
1012 1071 1063 1136 cui
1076 1071 1243 1155 imperem!
1259 1069 1333 1155 Epi-

295 1205 399 1250 curus.
421 1184 484 1250 Sed
499 1184 583 1249 idem
601 1185 661 1249 hoc
687 1204 795 1250 omnes
817 1185 957 1250 exomni
980 1185 1074 1248 domo
1096 1184 1334 1248 conclamabunt

297 1297 511 1384 peripatetici,
527 1298 709 1376 academici,
725 1299 826 1376 stoici,
843 1298 946 1383 cynici
960 1299 1026 1384 (3).
1043 1323 1060 1360 a

338 1431 360 1472 ·«
374 1413 451 1496 Ejus
465 1411 549 1476 modi
563 1411 692 1476 vocibus
707 1412 819 1477 referta
836 1423 909 1476 sunt
926 1411 1083 1489 carmina,
1100 1411 1220 1476 reiartae
1234 1410 1335 1474 histo-

297 1527 363 1590 riae.
379 1527 488 1612 ltaque
502 1526 575 1590 nolo
593 1525 663 1590 illas
678 1525 805 1610 Epicuri
825 1545 895 1591 esse
911 1526 1086 1602 existimem
1103 1524 1239 1610 publicae
1248 1535 1332 1600 sunt,

297 1652 328 1706 ct
342 1641 473 1705 maxime
487 1650 611 1704 nostrae.
633 1638 695 1704 Sed
711 1639 757 1704 iili
770 1639 870 1724 magis
885 1651 1085 1716 annotantur,
1109 1638 1183 1722 qnia
1193 1657 1271 1703 rarae
1284 1637 1336 1702 in-

299 1757 387 1820 terim
400 1755 619 1832 intcrveniunt,
634 1755 708 1839 quia
721 1755 934 1840 inexpectatae,
950 1756 1023 1841 quia
1034 1753 1147 1820 mirum
1159 1765 1207 1819 est
1218 1751 1337 1819 fortiter

301 1870 421 1954 aliquid
435 1870 497 1934 dici
512 1870 551 1934 ab
566 1869 692 1936 homine
707 1871 869 1936 mollitiam
884 1872 1025 1955 professo
1040 1869 1104 1954 (t).
1124 1893 1140 1930 a

347 2009 363 2043 a
376 1983 440 2047 Has
455 2001 547 2046 voces
562 2002 624 2047 non
642 1983 788 2070 estquod
804 1983 928 2068 Epicuri
946 2002 1014 2048 esse
1029 1981 1171 2067 judices,
1203 1981 1338 2066 publicae

300 2107 412 2161 sunt...
438 2095 486 2159 Eo
505 2095 653 2160 libentius
674 2096 800 2180 Epicuri
822 2097 948 2180 egregia
972 2097 1055 2161 dicta
1078 2113 1286 2161 commemoro
1303 2105 1338 2161 ut

302 2210 370 2274 istis
383 2209 437 2294 qui
452 2209 492 2273 ad
504 2209 558 2272 illa
577 2210 772 2292 confugiunt,
789 2231 844 2294 spe
859 2212 939 2274 mala
956 2211 1095 2286 inducti,
1114 2209 1167 2295 qni
1180 2201 1340 2274 velamen·

305 2336 369 2388 tum
383 2323 469 2407 ipsos
481 2323 626 2388 vitiorum
646 2343 774 2388 suorum
790 2323 952 2389 habituros
971 2323 1164 2400 existimant,
1188 2322 1337 2408 probem,

305 2455 502 2521 quocumque
516 2435 620 2512 ierint,
630 2413 764 2502 'honeste
779 2456 848 2502 esse
861 2437 1027 2502 vivendum
1042 2437 1095 2521 (5)
1131 2464 1147 2498 »
1274 2427 1277 2434 ’

350 2549 397 2614 lta
410 2549 567 2632 loquentis
578 2550 673 2615 verba
685 2550 712 2615 si
726 2561 808 2616 recte
821 2550 1070 2638 interpretemur,
1087 2571 1191 2616 nonne
1204 2569 1342 2636 pronun-

307 2662 384 2728 tiare
396 2662 520 2728 videtur
537 2662 653 2730 Seneca
666 2663 744 2728 duas
758 2681 826 2728 esse
840 2663 1068 2728 diuersissimas
1083 2663 1115 2727 iu
1128 2662 1253 2748 Epicuri
1268 2663 1342 2728 doc-

308 2775 391 2841 trina
399 2787 502 2860 partes
516 2797 523 2838 :
536 2796 627 2841 unam
638 2776 783 2841 omnibus
794 2776 989 2861 philosophis
1006 2795 1213 2852 communem,
1225 2792 1295 2861 quae
1312 2787 1341 2841 te

309 2890 378 2974 ipsa
387 2889 555 2973 prudenter
563 2900 699 2954 utentem
705 2888 831 2954 adhene
840 2889 993 2975 beateque
1002 2891 1167 2956 vivendum
1177 2891 1270 2955 ducat
1281 2911 1289 2966 ;
1301 2890 1346 2954 al-

310 3015 407 3068 teram
421 3015 524 3076 entem
538 3023 608 3087 quae
620 3014 666 3080 te,
676 3003 709 3067 ni
721 3023 829 3091 caveas
841 3023 877 3068 ac
886 3004 1047 3089 utriusque
1056 3005 1222 3069 discrimen
1235 3004 1344 3080 facias,

309 3130 423 3184 temere
447 3117 508 3201 ipsi
532 3118 739 3184 confidentem
761 3137 779 3182 a
798 3137 871 3183 vero
893 3117 1040 3201 bonoque
1065 3129 1223 3192 amoveam
1254 3128 1347 3202 atque

311 3232 382 3297 ideo
399 3230 470 3306 tibi,
488 3249 584 3315 quum
600 3254 616 3290 «
630 3216 708 3296 istos
721 3232 862 3297 hortulos
876 3230 991 3296 adieris
1007 3230 1122 3315 quibus
1137 3230 1321 3316 inscriptum
1338 3251 1346 3293 :

313 3345 451 3428 Hospes,
473 3343 524 3408 hic
542 3343 622 3410 bene
642 3344 802 3422 manebis,
827 3344 879 3409 hic
893 3364 1050 3410 summum
1064 3345 1183 3409 bonum
1203 3344 1349 3427 uoluptas

314 3459 378 3524 est!
399 3484 410 3515 n
427 3477 489 3522 non
510 3475 592 3522 caeco
609 3457 744 3523 nominis
758 3458 885 3522 horrore
902 3468 955 3522 ant
968 3476 1072 3521 amore
1093 3455 1277 3540 fugiendum
1296 3468 1351 3520 aut

423 3996 566 4071 ibid.,ep.
579 3997 629 4056 33.

424 4100 509 4171 ibid,
525 4121 570 4176 ep.
585 4103 635 4162 at.
