3086 5068
616 497 774 538 .—-1x·-

175 603 440 681 ,intrandum3sed
452 605 492 669 ed
503 606 652 699 domicilii
661 609 752 674 istius
762 608 1210 686 custodemfortitereundum,

178 717 374 802 utquidquid
384 718 598 804 praecipiatvel
610 733 786 804 rogetrecte
799 722 891 799 scias,
900 733 993 808 atque
1002 743 1085 800 eum,
1097 723 1124 788 si
1133 717 1213 808 opus

179 842 242 909 est,
258 831 396 896 diuidere
412 831 595 896 sententiam
608 833 739 916 jubeas,
765 853 820 919 pro
837 853 874 898 eo
890 835 975 920 quod
992 835 1106 920 probes
1122 855 1215 899 secu-

178 946 346 1029 turus(f).
923 1015 932 1030 ,

222 1057 339 1122 Seneca
352 1076 426 1140 ergo
439 1069 564 1123 auctore
579 1071 609 1124 et
618 1060 709 1138 duce,
723 1061 799 1145 quid
812 1062 876 1127 reri
892 1060 1037 1146 falsique,
1053 1062 1216 1148 quidboni

177 1170 326 1254 malique,
345 1170 377 1234 in
394 1170 535 1235 doctrina
549 1173 691 1267 Epicuri,
707 1176 832 1258 qualem
853 1175 937 1262 apud
950 1176 1108 1241 Romanos
1120 1176 1218 1240 inter-

180 1281 324 1368 pretatus
341 1295 388 1348 est
413 1284 595 1362 Lucretius,
622 1298 652 1350 et
668 1288 846 1371 perquirere
870 1299 900 1352 et
925 1289 1116 1372 distinguere
1141 1288 1218 1351 mihi

180 1397 283 1462 visum
294 1408 352 1474 est,
365 1397 512 1482 cogitanti
525 1399 650 1464 maximi
661 1420 730 1466 esse
739 1401 901 1479 momenti,
924 1414 957 1466 ut
971 1402 1014 1466 ait
1025 1400 1136 1466 Lucilii
1151 1401 1222 1485 phi·
1278 1412 1282 1416 ·

182 1512 349 1596 Iosephus,
378 1531 417 1577 ne
437 1532 505 1577 eam
529 1533 599 1597 quae
617 1515 708 1579 nohis
729 1497 833 1599 eliqua
848 1528 942 1600 par-te
959 1516 1107 1600 prodesse
1128 1526 1222 1600 queat

182 1636 278 1690 totam
298 1625 498 1712 repudiemus
519 1626 710 1706 doctrinam,
732 1649 833 1714 neque
856 1630 1009 1706 eamdem,
1025 1629 1130 1715 aliqua
1144 1629 1220 1694 recti

184 1739 287 1824 specie
302 1739 435 1824 decepti,
450 1740 662 1826 imprudenter
677 1754 771 1808 totam
787 1746 1019 1829 amplectamur.
1135 1773 1138 1778 ·

231 1853 281 1919 Sic
301 1874 362 1919 non
378 1853 454 1919 mihi
472 1875 559 1948 mens
574 1869 621 1921 est
633 1857 788 1941 quidquid
805 1858 844 1922 de
856 1857 992 1922 Lucretii
1006 1867 1147 1942 poemate
1160 1855 1222 1920 dici

185 1965 285 2050 possit
302 1966 335 2030 in
351 1967 409 2031 hac
423 1987 490 2032 mea
507 1968 724 2033 dissertatione
741 1969 912 2034 includere.
928 1968 1028 2044 Quam
1041 1969 1146 2031 multae
1159 1967 1222 2032 sint

185 2079 261 2144 artis
281 2079 329 2166 (f)
350 2079 486 2145 carmina
515 2081 592 2144 alter
612 2080 665 2166 (3)
683 2082 780 2145 multa
799 2091 863 2146 arte
885 2081 1048 2173 exposuit3
1072 2080 1223 2164 quihusa

186 2193 325 2257 fontibus
350 2204 441 2279 poeta
462 2193 617 2276 hauserit,
640 2214 718 2278 quas
743 2193 931 2258 imitationes
960 2194 1009 2258 sui
1032 2194 1071 2259 ab
1091 2193 1224 2278 Augusti

186 2319 277 2372 aetate
288 2288 336 2372 vel
357 2309 397 2372 ad
418 2320 555 2373 nostram
574 2309 748 2385 suscitarit,
769 2321 920 2394 quantum
937 2309 1076 2392 linguam
1092 2309 1220 2373 latinam

160 2407 165 2415 ’
187 2421 342 2497 ditaverit,
359 2421 442 2487 idem
468 2424 545 2487 alter
564 2434 627 2487 tem
643 2422 800 2497 distincte,
822 2433 882 2486 tam
901 2423 1035 2506 perfecte
1058 2422 1221 2507 expressit,

188 2545 224 2600 ut
242 2535 320 2616 nihil
341 2537 425 2620 qnod
441 2536 605 2621 adjiciatur
618 2537 772 2602 relictum.

185 2671 189 2676 ·
233 2649 299 2716 Hoc
320 2651 432 2743 solum,
458 2651 543 2734 quod
558 2650 757 2715 doctissimus
771 2662 801 2715 et
815 2650 1066 2733 elegantissimus
1084 2649 1226 2714 Sorbon-

191 2763 297 2853 nensis
313 2763 469 2848 professor
484 2765 560 2830 mire
574 2765 749 2842 inchoavit,
769 2764 824 2830 sed
841 2784 903 2829 non
919 2765 1065 2849 perficere
1080 2763 1228 2847 dignatus

190 2889 257 2953 est,
273 2878 419 2942 attentius
436 2889 563 2944 tractare
578 2880 610 2944 in
626 2880 729 2946 animo
751 2879 859 2956 habui,
877 2878 909 2943 id
924 2889 970 2944 est
986 2878 1063 2962 quid
1080 2877 1112 2942 in
1127 2877 1228 2962 philo·

192 2990 283 3076 sophi
305 2991 445 3056 doctrina
458 2993 649 3057 laudandum
661 3004 754 3076 atque
766 2992 860 3056 veluti
875 2991 1035 3077 proprium
1051 2991 1142 3055 nobis
1157 2990 1229 3055 uin-

192 3103 309 3181 dicare,
326 3105 402 3189 quid
423 3117 526 3182 autem
538 3107 823 3192 vituperandumet
842 3107 926 3170 uelut
946 3105 1082 3170 alienum
1100 3103 1227 3188 reiicere

192 3217 362 3282 debeamus
385 3219 576 3304 perquirere.
593 3220 650 3285 Hic
664 3205 719 3285 vest
735 3241 816 3284 unus
831 3219 947 3284 laboris
965 3219 1025 3283 mei
1046 3219 1227 3304 propositus

193 3329 266 3393 finis
286 3330 384 3406 Quem
396 3343 429 3396 ut
441 3331 1229 3418 meliusattingam,diuersasdoctrineepartesprius

195 3443 315 3509 sincere
332 3447 488 3530 expositas
500 3449 584 3512 volui
601 3467 695 3532 quam
711 3447 749 3513 de
764 3447 897 3532 singulis
914 3447 1069 3531 judicium
1086 3447 1194 3511 feram.

242 3558 293 3623 Sic
307 3559 339 3624 in
355 3560 453 3644 prima
468 3573 572 3646 parte,
593 3583 662 3647 quae
677 3562 835 3646 ,expositio
850 3561 975 3637 dicitur,
995 3560 1171 3625 Lucretium
1186 3560 1232 3643 ip·

196 3691 267 3734 sum
283 3691 408 3736 causam
429 3694 516 3738 suam
528 3675 618 3759 quasi
637 3687 780 3757 agentem
795 3675 959 3751 inducam;
980 3674 1012 3737 in
1030 3674 1144 3746 altera,
1161 3689 1231 3755 quae

242 3953 292 4035 (f)
304 3956 421 4028 Seneca,
436 3977 481 4032 ep.
497 3960 546 4018 ff.

243 4061 256 4129 f
259 4057 293 4140 f)
303 4060 412 4131 Cicero,
428 4065 462 4120 ad
477 4060 573 4122 Guiot.
589 4063 678 4132 fretu,
696 4077 732 4132 11,
750 4063 798 4120 ff.

219 4140 223 4148 a
251 4131 258 4142 t

246 4165 295 4246 (3)
309 4167 349 4226 Μ.
365 4167 464 4238 Parin,
480 4165 569 4244 Cours
583 4169 705 4242 professe
719 4174 733 4225 t
748 4171 771 4226 tu
784 4167 941 4234 Sorbonne,
959 4165 1141 4225 tete-teat.
1228 4183 1229 4188 ¹
