3086 5068
621 467 780 524 ..ι-57...

228 643 231 650 ,
267 592 399 671 Neequae
411 596 464 656 sub
476 610 575 656 sensus
588 595 669 654 nudat
682 596 738 656 ulla
751 604 876 668 tempore
887 602 1007 662 nostros,

234 753 236 764 r
267 697 327 759 Nec
339 702 445 762 rutinae
455 701 539 760 animi
551 717 634 775 quam
649 700 795 776 quisquam
810 701 897 772 possit
909 699 996 774 apisci
1009 693 1071 776 (i).

187 913 190 922 .
237 879 272 948 ln
288 880 449 949 immensu
464 878 565 970 igitur
584 898 694 949 rerum
707 877 840 961 urdine,
867 897 961 948 mens
983 878 1128 947 humana
1151 893 1223 943 om·

189 999 269 1071 nino
287 1001 488 1071 evanescere
508 999 656 1089 videtur3
673 1008 773 1092 alque
795 999 828 1069 iu
852 999 990 1084 mundo,
1010 998 1067 1069 ubi
1087 996 1226 1066 materia
1283 1035 1291 1048 ·

188 1121 258 1192 sela
275 1122 486 1213 amnipotens
504 1122 629 1193 visitet
644 1123 846 1206 dominatur,
866 1123 977 1192 nullus
991 1122 1151 1191 humanae
1171 1138 1224 1187 ra-

189 1241 270 1313 tioni
287 1243 379 1314 loeus
398 1243 602 1336 relinquitur.
1221 1247 1224 1252 '

239 1364 317 1436 lude
340 1367 490 1458 sequitur
510 1366 653 1436 utnulla
671 1387 744 1437 esse
769 1366 888 1437 debeat
914 1384 1043 1434 murum
1072 1362 1222 1432 seientia.

190 1485 285 1558 Nulla
311 1488 402 1557 enim
425 1487 499 1578 lege
526 1488 630 1558 teneri
657 1490 761 1579 possit
787 1509 827 1558 ea
853 1486 969 1556 melior
997 1506 1074 1577 pars
1102 1483 1225 1568 nostri,

191 1629 268 1700 quae
282 1609 412 1701 aliquod
429 1610 525 1680 inane
541 1619 592 1680 est
607 1619 640 1681 et
651 1637 665 1674 r
677 1612 820 1680 nominis
836 1627 959 1700 expers
970 1637 1002 1679 u.
1017 1608 1102 1692 Quae
1116 1607 1160 1676 ita
1175 1605 1229 1676 de·

192 1733 304 1802 stilum
313 1731 468 1803 sensibus
480 1733 621 1824 turpiter
632 1721 758 1804 serviat
773 1730 1228 1804 autnuturaedominiumex·

191 1856 295 1927 nutiat
309 1877 448 1927 necesse
463 1865 526 1928 est.
539 1857 647 1943 Quare
656 1859 743 1928 enim
759 1877 891 1927 nosnun
904 1856 1055 1926 sinamus
1065 1862 1100 1923 ut
1110 1862 1231 1922 eaetera

192 1999 284 2049 erano
305 1986 397 2049 motu
414 1979 491 2050 lerri
514 1978 556 2049 ad
580 1977 632 2062 id,
651 1979 737 2069 quud
758 1999 879 2050 seusus
892 1976 1014 2063 allicit,
1037 1987 1136 2068 atque
1152 1972 1230 2044 illud

191 2100 299 2172 amasio
311 2099 391 2196 quid
405 2109 547 2183 recreat,
566 2102 652 2193 quod
669 2111 820 2171 nostrum
836 2101 906 2172 est?
920 2100 1043 2184 Quare,
1060 2098 1086 2166 si
1101 2117 1161 2167 nos
1176 2115 1232 2166 res

192 2223 352 2314 deeeptus
370 2245 437 2294 nun
458 2246 541 2296 vera
558 2224 730 2316 voluptate
748 2212 918 2311 nonaum,
943 2242 1058 2292 rursus
1076 2219 1232 2290 sensibus

192 2345 313 2418 nostris
331 2365 396 2414 nan
410 2365 600 2436 pareamus,
611 2365 671 2414 nus
685 2345 775 2414 omui
790 2365 826 2415 re
836 2335 1228 2436 abstinerejnbentilrus‘l

241 2466 313 2550 Qun
330 2466 409 2536 nihil
422 2465 555 2550 melius,
569 2468 649 2537 nilril
663 2467 820 2558 amplius,
838 2465 920 2535 nilril
936 2465 1046 2555 magis
1060 2463 1229 2555 proprium

194 2608 340 2679 vereque
356 2609 454 2659 sunm
468 2589 545 2660 huie
558 2588 665 2661 neseio
678 2587 772 2684 quid,
790 2588 878 2679 quod
895 2607 992 2658 meus
1008 2586 1229 2669 esthamma,

194 2727 255 2780 nos
269 2708 546 2801 eonlerrejubeut
559 2720 592 2780 et
605 2719 765 2781 naturast
776 2709 944 2780 doctrina?
956 2707 1102 2795 Etenim,
1115 2707 1148 2776 iu
1160 2707 1233 2797 ipsa

195 2851 309 2901 rerum
322 2809 453 2917 natura,
468 2852 568 2923 quam
585 2853 646 2903 nos
659 2831 767 2902 educti
781 2852 899 2901 sumus
912 2851 1070 2912 noscere,
1085 2849 1150 2899 nou
1166 2837 1233 2898 tan·

195 2962 266 3023 lum
280 2974 431 3056 conpara,
448 2955 521 3040 seri,
538 2954 627 3045 quod
639 2954 745 3045 majus
756 2954 901 3041 videtur,
919 2955 1017 3022 inaue
1030 2953 1230 3022 invenimus.

195 3074 317 3145 ibinus
337 3078 463 3146 versari
477 3077 576 3148 decet
595 3097 674 3146 vere
699 3076 802 3146 nostri
819 3085 1009 3166 computes,
1029 3093 1108 3143 vera
1126 3071 1234 3142 leliei-

199 3203 264 3266 tale
276 3197 448 3268 fruituros.

244 3321 337 3404 Qunrl
351 3319 458 3392 neseio
469 3318 550 3416 qnid
561 3323 600 3392 ad
613 3323 709 3392 inane
724 3321 876 3409 tendens,
892 3321 935 3391 ibi
945 3320 1014 3412 jam
1028 3319 1116 3390 nulla
1131 3339 1233 3410 quam

195 3442 350 3511 novimus
364 3442 486 3534 agendi
504 3443 631 3514 ratione
645 3443 938 3535 corrumpendum,
958 3440 1074 3533 procul
1100 3462 1120 3511 a
1134 3440 1235 3510 rebus

198 3562 341 3654 impellit
356 3564 468 3634 neseio
487 3587 562 3657 quae
576 3565 754 3636 declinatio
772 3567 825 3634 vel
842 3566 943 3636 libera
959 3564 1123 3634 voluutas.

245 3683 338 3755 Tune
356 3683 437 3754 nihil
451 3685 547 3755 nubis
562 3695 700 3776 apparet
710 3685 773 3755 nisi
786 3687 899 3767 inane,
917 3683 1003 3778 quod
1015 3684 1163 3774 undique
1178 3704 1235 3772 pa-

198 3815 246 3877 tet
260 3808 439 3890 inlinitum,
454 3807 680 3895 immensum;
697 3817 796 3898 atque
812 3807 871 3894 ibi,
886 3829 953 3878 una
971 3817 1078 3899 parte,
1099 3805 1155 3896 qui
1176 3806 1234 3874 tuti

199 3939 276 4000 sunt
293 3930 410 4015 inane,
425 3929 581 4000 homines
598 3937 630 4000 el
645 3929 705 4012 dii,
726 3938 760 4000 et
774 3942 865 4024 parte
881 3931 1000 4015 aliern,
1019 3929 1074 4022 qui
1088 3925 1236 4018 corpori-

240 4157 564 4240 (r)ra.‚r‚rts-tis.
