3086 5068
740 439 901 496 -5fiu-

300 567 494 660 ignorantiae
504 564 702 651 remedium,
716 570 865 639 omnium
876 587 1053 637 causarum
1065 565 1336 656 explanationem

299 698 401 780 atque
417 707 529 758 rerum
549 694 675 757 naturae
689 661 887 779 principium
906 688 941 756 in
956 685 1045 756 inani
1060 685 1228 756 inveniri‘l
1241 685 1337 770 Quod

299 817 409 880 autem
424 811 510 879 inter·
523 809 622 878 inane
633 817 667 878 et
678 807 817 879 nihilum
832 808 1009 882 discrimen
1026 807 1123 878 laniat
1139 807 1340 880 Lueretius?

302 933 356 1016 tta,
376 933 403 1002 si
419 953 472 1001 res
486 951 600 1000 omues
613 952 673 1023 per
687 932 787 1002 inane
803 932 873 1004 lieri
892 931 1079 1021 agnoverit,
1096 930 1261 1022 quomodo
1277 951 1338 1000 au·

301 1054 379 1124 deat
396 1053 506 1123 dicere
524 1073 578 1122 res
591 1073 655 1124 nou
673 1075 692 1125 e
711 1053 813 1124 nihilo
831 1055 933 1124 oriri?
950 1054 998 1124 lta
1019 1053 1214 1144 avprineipio
1240 1073 1340 1123 omne

303 1176 518 1268 physicarum
537 1176 751 1248 scientiarum
777 1177 1029 1248 fundamentum
1050 1174 1184 1246 tollitur.

351 1322 444 1407 Quod
470 1323 497 1392 si
523 1324 607 1394 velis
630 1325 716 1394 seire
744 1326 822 1416 quid
843 1325 900 1394 tibi
925 1325 967 1396 sit
983 1325 1026 1394 de
1051 1332 1237 1393 mentetua
1262 1345 1340 1393 sen·

302 1443 468 1525 tiendum,
497 1443 592 1533 eujus
619 1453 651 1515 te
683 1445 753 1535 ipse
781 1445 954 1516 Lucretius
981 1445 1184 1537 praeeipuum
1209 1463 1342 1535 respue-

304 1565 529 1645 mundatore,
555 1586 654 1657 quam
674 1577 705 1637 te
725 1578 811 1638 tanta
832 1589 942 1638 rerum
965 1567 1222 1658 investigatione
1235 1587 1342 1636 erer-

302 1705 380 1754 eere
408 1693 441 1752 et
462 1703 586 1774 augere
612 1684 766 1773 iubebat,
797 1686 876 1754 nihil
895 1685 996 1756 habet
1020 1685 1104 1776 quod
1121 1683 1338 1775 respoudeat,

303 1806 364 1874 nisi
379 1826 455 1875 eam
470 1827 545 1876 esse
559 1804 667 1877 aeneio
683 1806 763 1900 quid
778 1808 865 1900 qood
882 1813 995 1878 sentit.

354 1954 502 2038 Etenim,
525 1955 674 2046 quamuis
693 1967 852 2046 agnoscat
864 1978 1002 2048 corpora
1017 1957 1122 2047 prima
1137 1955 1199 2026 sub
1219 1977 1341 2027 sensus

306 2099 371 2148 uou
388 2077 525 2162 cadere,
546 2079 588 2146 nil
608 2079 745 2148 dubium
766 2082 844 2171 quin
860 2101 900 2150 ea
915 2100 1071 2166 corporea
1090 2086 1223 2156 natura,
1240 2079 1273 2148 id
1291 2087 1342 2149 est

304 2197 488 2284 soliditate,
507 2200 613 2286 ligura
625 2209 656 2266 et
674 2199 834 2288 pondere,
848 2199 984 2288 prendite
1001 2200 1206 2290 profiteatur,
1219 2200 1342 2290 quippe

305 2339 383 2411 quae
394 2320 488 2389 alitor
500 2339 692 2408 nequeesse
709 2320 955 2411 nequreouoipi
971 2319 1108 2410 possint.
1124 2319 1232 2404 Quum
1247 2340 1339 2403 vero,

309 2439 437 2510 inomni
453 2449 703 2527 resupinatum,
721 2451 985 2532 praetercorpus,
1001 2441 1087 2532 quod
1098 2441 1253 2511 sensibus
1263 2460 1344 2532 per-

306 2563 440 2653 cipitur,
450 2562 530 2634 nilril
544 2564 654 2632 sitnisi
668 2563 779 2642 inane,
795 2585 934 2634 necesse
945 2564 990 2634 sit
1005 2573 1040 2634 ut
1050 2563 1136 2656 quod
1148 2563 1344 2633 nullomodo

309 2703 507 2773 corporeum
524 2684 699 2773 correipere
715 2705 895 2774 possumus
914 2705 974 2776 pro
989 2685 1074 2754 inani
1089 2693 1273 2754 teneamus,

356 2829 404 2896 lta
431 2850 530 2919 quam
560 2829 786 2920 nequidquam
812 2851 1005 2920 corporeum
1028 2830 1132 2900 voluit
1164 2829 1343 2900 humanam

309 2961 469 3037 mentem,
485 2960 517 3020 et
529 2973 628 3042 quam
647 2952 737 3022 nulla
751 2972 910 3044 corporea
925 2953 1032 3023 lorma
1044 2951 1211 3021 includere
1223 2952 1341 3042 potuit.

309 3074 480 3142 sudatoria
493 3084 720 3165 erumpentem
740 3076 770 3144 iu
792 3075 890 3144 inane
908 3075 1108 3164 immergere
1128 3074 1269 3162 cogitur.
1285 3073 1345 3143 Est

311 3194 460 3262 absoluta
484 3199 679 3280 necessitas,
705 3219 803 3289 qoam
824 3197 913 3267 nullo
936 3195 1034 3266 modo
1055 3195 1202 3285 elingere
1224 3205 1347 3287 potest,

310 3315 373 3406 ipsi
392 3335 451 3383 sua
470 3317 621 3387 doctriua
640 3319 828 3410 impositam
847 3345 855 3386 :

395 3550 568 3568 ......
593 3511 659 3567 nihil
673 3513 797 3585 estquod
811 3513 900 3586 possis
913 3515 1007 3571 dinero
1020 3515 1054 3570 ab
1067 3513 1142 3570 omni

392 3609 517 3687 Corpore
530 3615 684 3686 sejunctum
698 3629 890 3692 secretumque
903 3636 965 3676 esse
979 3620 1014 3675 ab
1029 3619 1119 3685 inani;

391 3714 473 3786 Quod
486 3705 564 3794 nuasi
576 3722 657 3778 tertia
672 3723 707 3778 sit
717 3740 831 3781 numero
845 3732 941 3780 natura
952 3733 1060 3795 reperta
1074 3719 1135 3802 (l).

447 3821 552 3882 Praeter
565 3827 645 3883 inane
657 3835 684 3884 et
698 3844 824 3900 corpora,
841 3829 920 3885 tertia
934 3844 1024 3901 perse

390 3923 472 3983 Nulla
486 3937 577 4000 potest
591 3946 681 3986 rerum
695 3932 722 3986 in
737 3947 852 3988 numero
866 3940 962 3990 natura
973 3929 1114 4002 relinqui3

352 4114 514 4226 (r)1a.,1,
532 4123 671 4182 rer-raa.
