3086 5068
748 522 905 582 ..rev

356 644 448 726 Quod
465 667 629 742 nunquam
647 651 800 745 effugies,
819 654 880 724 nisi
892 639 995 724 rearis
1006 673 1071 724 non
1088 654 1342 748 interrogationi

307 764 439 838 cuilibet
454 779 519 840 tuae
534 794 607 842 esse
628 796 836 866 responsum,
861 777 947 868 quod
972 777 1121 848 obtinere
1136 801 1264 870 queas,
1284 783 1343 851 sed

307 900 424 959 contre
447 912 522 963 esse
548 895 711 998 quedam
728 898 770 968 de
789 900 911 990 quibus
933 902 1146 995 pronuntiare
1177 910 1342 973 aeternum

306 1009 363 1080 tibi
390 1011 625 1085 abstinendum
642 1025 705 1087 est.
727 1017 817 1102 Quae
832 1020 1029 1111 ignorantiae
1042 1022 1262 1108 conscientia,
1276 1046 1341 1116 qua

306 1130 346 1200 ad
368 1135 435 1203 veri
459 1135 706 1228 indagationem
724 1141 876 1220 ducimur
901 1151 936 1211 et
952 1163 1027 1233 qnae
1041 1143 1193 1214 scientiae
1211 1145 1342 1215 initium

306 1261 397 1323 rento
418 1253 506 1326 diota
531 1267 595 1347 est,
626 1261 742 1361 eodem
768 1261 917 1332 scientiae
946 1262 1021 1332 linis
1047 1265 1167 1333 merito
1194 1264 1341 1353 dicatur,

305 1376 428 1467 quippe
452 1400 527 1470 quae
551 1401 612 1450 nos
631 1381 662 1450 in
679 1403 759 1454 vero
777 1384 912 1454 invento
939 1385 1094 1472 retineat,
1118 1406 1226 1478 neque
1243 1389 1284 1456 ab
1299 1408 1344 1458 co

311 1497 405 1592 dejici
421 1499 588 1597 sinat(t).

357 1643 447 1714 lutra
460 1645 660 1721 donatiuum
676 1647 712 1720 el
724 1650 805 1721 illud
818 1629 952 1722 initium
963 1662 1030 1724 totu
1042 1653 1250 1746 philosophia
1261 1678 1344 1727 corr·

306 1775 560 1840 tentaversctur
575 1782 782 1862 ucoesseest,
795 1783 851 1844 aut
861 1777 998 1866 turpiter
1005 1777 1123 1847 similis
1131 1779 1186 1848 liat
1196 1779 1345 1849 mirando

305 1887 358 1958 isti
369 1887 512 1976 doctori,
529 1890 573 1960 de
586 1892 677 1962 omni
690 1914 728 1963 re
737 1895 841 1966 scibili
852 1905 885 1966 et
895 1896 936 1966 dc
951 1898 1239 1988 quibusdamallis
1253 1901 1342 1992 loqui

306 2019 429 2100 parato.
450 2011 530 2090 llaec
549 2015 705 2104 quaedam
720 2018 851 2088 nescire
870 2035 907 2089 se
925 2019 1076 2106 fateatur,
1097 2029 1154 2092 aut
1170 2019 1253 2091 vana
1268 2029 1345 2094 arte'

305 2133 421 2205 inanes
437 2136 581 2206 exstruit
598 2136 783 2225 doctrinas,
807 2141 930 2231 quibus
943 2143 1025 2212 nihil
1045 2143 1078 2212 in
1098 2147 1207 2215 reruln
1222 2149 1342 2242 notura

305 2255 432 2338 subest,
449 2277 526 2348 quae
543 2259 686 2328 mentem
705 2259 843 2350 ialluut,
864 2283 928 2332 non
940 2265 1046 2351 alunt,
1062 2271 1095 2369 et
1110 2275 1242 2356 propter
1255 2273 1346 2358 quas

305 2375 483 2453 seleutiam
512 2380 686 2454 humanam
709 2385 802 2474 apud
826 2387 1004 2478 plerosquo¹
1025 2388 1110 2457 mule
1125 2373 1252 2472 audire,
1274 2389 1341 2458 imo

304 2497 453 2568 damnari
465 2500 592 2571 uideas.
609 2503 681 2575 Non
692 2505 859 2596 absoluta,
869 2508 1044 2591 eedfinita,
1058 2530 1123 2579 nou
1138 2511 1264 2598 diviua,
1280 2511 1339 2580 sed

305 2625 450 2696 humana
467 2625 618 2698 doctrina·
633 2649 706 2698 esso
720 2630 798 2700 velit
811 2652 821 2712 ;
835 2631 896 2700 hoe
908 2631 978 2700 sola
993 2631 1067 2723 lege
1080 2641 1114 2702 et
1128 2631 1201 2703 esse
1213 2643 1343 2725 etpro-

306 2728 544 2838 deseepotcst.
998 2771 1000 2776 ’
1193 2765 1195 2768 ’

356 2893 458 2987 Cujus
473 2895 596 2988 duplex
617 2904 867 2990 argumentum,
887 2891 919 2966 iri
939 2874 1011 2989 ipso
1030 2897 1075 2968 lle
1096 2917 1205 2967 rerum
1224 2906 1342 2968 natura

309 3019 581 3106 poeruate‚nobis
590 3017 916 3112 praebetL'ucrctius:
934 3015 1343 3110 unumiucaupcrisparte

305 3143 338 3212 in
355 3161 421 3233 qua
436 3147 505 3212 tam
529 3141 748 3216 vehementer
769 3144 802 3214 in
824 3138 1021 3234 religionem
1050 3143 1233 3230 invehitur,
1257 3142 1340 3212 alte·

306 3268 433 3342 rum'in
458 3287 495 3335 ea
511 3259 712 3356 'dogmatica
737 3265 925 3336 carminum
941 3243 1078 3335 suorum
1093 3273 1203 3356 parte,
1224 3265 1257 3332 iu
1276 3285 1342 3355 qua

304 3387 444 3478 primam
464 3397 497 3456 ct
512 3382 611 3459 unam
636 3399 747 3457 rerum
769 3387 919 3456 omnium
936 3387 1099 3457 rationem
1124 3367 1290 3456 inuenisse
1305 3399 1351 3452 se¹

305 3511 488 3600 profitetur.
508 3508 639 3578 Etenim
657 3507 698 3577 iis
713 3528 796 3606 quas
811 3508 986 3599 impugnat
1005 3508 1164 3578 doctrinis
1183 3505 1213 3576 id
1238 3525 1342 3576 unum

304 3631 429 3722 objicit,
445 3631 532 3722 quod
545 3631 705 3702 humanae
720 3631 840 3700 mentis
857 3630 1015 3700 terminos
1030 3609 1214 3720 transgredi
1225 3628 1341 3698 t’olue·

301 3751 1343 3846 runt,atquehominemindiversissimamalopraecipitemde-

302 3875 432 3946 deruut.
456 3874 532 3968 lpse
551 3866 663 3944 autern
686 3875 820 3966 proprio
846 3875 1001 3964 exemplo
1024 3859 1236 3942 manifestum
1263 3871 1349 3942 lacit¹

300 3997 378 4068 nihil
394 4019 467 4068 esse
489 3995 706 4091 periculosius
723 4019 821 4089 quam
842 3997 1038 4068 elirenatum
1056 3987 1202 4066 amorem
1227 3993 1341 4064 scicn-

1349 4107 1353 4132 2

338 4222 390 4303 (l)
401 4223 471 4284 Vide
483 4228 556 4299 apud
568 4223 712 4285 Platonem
729 4223 852 4282 Socratis
861 4221 1036 4298 dpotooiom.
