3086 5068
635 489 795 548 ...53η-

192 629 305 712 queat.
333 621 440 705 Quem
462 618 504 690 ari
523 623 622 688 tinem
637 606 892 708 attingendum,
926 615 1062 687 maximi
1085 626 1137 687 est
1157 639 1229 686 mo·

194 742 297 812 menti
313 739 518 832 distinguere
536 761 672 832 resquae
684 740 825 825 ratione,
845 747 879 806 ει
893 758 945 808 res
959 757 1034 830 quae
1050 757 1151 809 causa
1168 737 1231 808 aiio

193 861 288 932 fiunt.
309 860 390 944 Quae
405 859 572 929 distinctio
590 856 663 942 nos,
679 858 759 928 iaisa
778 859 921 928 Deorum
940 859 1126 928 reverentia
1142 858 1229 927 tinea

194 1004 262 1066 ros,
281 983 356 1053 sinii
379 1003 489 1052 rerum
513 992 664 1053 naturam
681 982 835 1066 scrutari,
859 990 908 1068 et,
937 979 1042 1072 qualis
1057 1002 1138 1051 vere
1162 991 1227 1067 est,

193 1106 297 1175 certis
312 1105 649 1196 iegibus'submissam
666 1125 862 1194 agnoscere.
880 1103 929 1173 ita
943 1103 1032 1194 justa
1049 1125 1161 1173 rerum
1174 1125 1230 1174 or-

194 1225 285 1296 dinis
297 1233 332 1294 et
350 1236 469 1295 nostrae
487 1233 615 1294 naturae
633 1224 747 1294 notitia
765 1223 929 1306 illustrati,
954 1233 986 1293 et
1003 1245 1080 1294 vere
1095 1222 1232 1295 seientia

193 1347 341 1438 quotidie
356 1347 465 1439 magis
477 1345 609 1430 armati,
629 1346 661 1416 iu
679 1347 1227 1437 mojoremnostrnmmetipsorum

194 1479 228 1540 et
241 1489 351 1539 rerum
365 1467 613 1561 possessionem
631 1470 760 1537 tirmam
779 1486 1001 1558 securamque
1016 1457 1203 1537 veniemus.
1224 1488 1229 1496 ·
1337 1477 1344 1486 “

245 1718 323 1808 ipsc
337 1725 445 1788 autem
463 1713 649 1800 Lucretius,
666 1711 948 1800 conmonuemus,
974 1711 1103 1784 octium
1128 1733 1233 1806 ueqcc

198 1838 279 1925 Deo,
298 1856 402 1931 rtcpoc
421 1831 542 1906 homiui
556 1834 677 1922 iocum,
693 1833 758 1906 uisi
774 1834 810 1906 io
825 1833 918 1906 inani
934 1831 1101 1928 relinquit.
1122 1876 1164 1886 -—
1183 1832 1233 1902 td

196 1939 400 2052 propositum
415 1961 515 2030 iinem
532 1970 641 2030 utrmu
659 1959 796 2031 feliciter
812 1959 1003 2052 pervenerit
1025 1978 1088 2028 nec
1103 1979 1144 2028 ue
1164 1956 1231 2027 Lu·

83 2105 85 2111 ⁴
196 2081 334 2162 cretius,
354 2101 444 2150 nunc
463 2081 559 2150 nobis
573 2079 803 2171 judicandum.

245 2201 425 2292 Numipse,
443 2223 519 2295 quae
533 2202 686 2273 distincta
701 2202 863 2284 voluerat,
883 2221 1052 2292 nunquam
1070 2199 1230 2284 contudit,

196 2333 311 2416 atque,
322 2334 400 2395 nota
414 2327 657 2418 explanaturus
668 2326 873 2416 certioraque
889 2325 1048 2406 tacturus,
1066 2343 1233 2413 uunquam

198 2444 241 2513 od
256 2443 407 2534 ignotum
426 2445 598 2536 coniugit3
619 2444 777 2537 denique,
800 2446 971 2516 scientiam
987 2445 1167 2514 humanam
1182 2442 1235 2511 ai-

198 2566 336 2637 tioribus
362 2566 585 2638 fundamentis
605 2568 816 2651 conditurus,
842 2589 1012 2660 uunquam
1039 2566 1126 2635 ultra
1145 2564 1233 2656 quoti

196 2689 284 2779 capit
302 2690 450 2759 hurnana
468 2710 563 2759 mens
577 2697 754 2782 penetrare
772 2690 934 2759 tentarit?

249 2811 394 2882 Primum
426 2821 600 2904 postquam
632 2821 815 2906 negaverat
846 2811 885 2880 ad
911 2811 1071 2880 rationem
1097 2804 1171 2902 quae
1201 2812 1234 2881 in

200 2932 323 3006 mundo
338 2937 420 3007 iiunt
433 2959 506 3006 esse
520 2937 715 3018 referenda,
731 2937 771 3005 od
794 2937 898 3026 ipsam
923 2936 1093 3005 materiem
1119 2955 1236 3024 corpo-

199 3077 317 3127 rumve
332 3057 498 3129 elementa
514 3060 673 3128 rationem
689 3059 791 3148 ipsam
806 3050 922 3136 refert}
942 3065 1115 3146 postquam
1132 3071 1237 3144 nega·

200 3188 295 3250 verat
308 3179 370 3249 diis
388 3201 461 3250 esso
474 3180 686 3250 tribuendum
702 3181 924 3272 quodcaeeum
940 3177 1237 3269 imperfectumque

200 3301 376 3372 mutationi
393 3314 561 3392 perpetuae
574 3303 727 3384 traditur,
743 3281 812 3392 ipse
829 3291 927 3383 iiten,
948 3299 1035 3392 quod
1051 3302 1153 3370 iixum
1168 3299 1238 3366 im·-

201 3431 394 3514 motumque
408 3431 441 3492 ει
455 3443 520 3513 quo
536 3423 616 3493 nihii
634 3425 738 3514 majus
752 3423 951 3504 declaravit,
975 3420 1073 3493 caeeis
1086 3419 1237 3511 corpori-

200 3543 264 3615 bus
277 3554 431 3618 constare
447 3554 556 3636 putat,
578 3555 613 3615 ut
626 3554 744 3616 caetera
761 3545 1025 3615 dissolvendum.

252 3665 389 3754 Deinde,
411 3676 531 3736 nostrae
557 3669 676 3737 mentis
697 3687 775 3735 cum
802 3688 882 3736 vero
908 3643 1239 3757 commerciumque

203 3789 332 3880 plenius
349 3791 538 3880 certiusque
554 3790 774 3872 demonstret,
799 3789 916 3859 emissa
932 3810 950 3858 ε
968 3789 1066 3858 rebus
1080 3789 1151 3858 vult
1166 3809 1240 3858 csse

202 3912 395 4000 simulacra,
409 3911 589 4004 praemiii,
608 3921 644 3981 ut
663 3913 706 3981 itn
720 3912 840 4000 dicam,
859 3912 960 3982 menti
975 3912 1127 3981 irumanae
1139 3932 1243 4002 egen--

202 4033 283 4103 dum
297 4035 499 4127 relinquent,
517 4035 760 4126 ipsequenobis
773 4053 841 4103 rem
855 4035 1021 4125 cognitam
1035 4033 1238 4124 imprimant.

205 4153 335 4246 Atque,
360 4155 449 4246 ipsae
474 4176 529 4224 ros
546 4176 611 4246 quo
631 4155 749 4227 urciius
777 4155 893 4246 probet
908 4177 972 4226 non
991 4178 1008 4224 ε
1027 4154 1130 4224 nihilo
1147 4154 1238 4237 oriri,
