3086 5068
176 1305 359 1365 anrnrro.

176 1479 360 1542 Exrosrrro.

257 1608 485 1690 Philosophiam
510 1609 610 1671 omnis
634 1607 749 1690 publici
772 1606 942 1688 privatique
957 1605 1029 1667 mali
1049 1597 1218 1669 remedium

218 1712 409 1794 amplectitur
421 1713 590 1789 Lucretius,
600 1721 630 1774 et
644 1711 835 1793 religionem,
849 1711 1021 1792 ignorantia
1034 1720 1142 1787 ortem,
1158 1731 1221 1774 om·

217 1817 326 1897 nisque
340 1817 412 1879 mali
429 1836 564 1892 causam,
578 1825 743 1879 aversetur.
753 1850 793 1861 -
804 1816 848 1875 lle
863 1823 946 1875 metu
959 1814 1086 1877 deorum
1095 1823 1125 1878 et
1137 1816 1220 1878 inle-

217 1938 331 1982 rorum.
348 1954 388 1968 -
401 1921 455 1982 nei
470 1920 628 1983 scientiam
650 1917 810 1980 escientin
832 1937 934 1980 rerum
949 1937 1015 1981 esse
1037 1918 1220 2000 disjungen-

217 2027 300 2087 dum.
325 2061 365 2073 -
388 2028 469 2087 Lens
487 2025 695 2108 physiologice.
721 2060 761 2072 -
778 2026 880 2086 Potest
898 2044 964 2086 esse
984 2025 1111 2088 scientia
1123 2061 1162 2074 -
1175 2027 1219 2088 De

217 2131 358 2192 sensibus
375 2148 382 2192 :
399 2131 437 2192 ab
452 2131 489 2191 iis
506 2149 629 2192 omnem
645 2131 707 2191 veri
722 2129 859 2191 notitiam
882 2129 965 2191 oriri.
979 2167 1018 2179 -
1033 2132 1075 2194 lic
1089 2131 1219 2193 simula-

219 2234 289 2296 cris.
304 2269 343 2281 -
362 2237 405 2296 lle
427 2233 604 2316 corporibus
628 2234 736 2315 primis
758 2243 788 2295 et
809 2234 907 2295 innui.
922 2268 960 2280 -
979 2237 1021 2297 lle
1040 2234 1216 2299 clinnmine.

219 2375 259 2387 -
272 2342 315 2403 lle
326 2342 463 2402 humana
476 2349 589 2402 mente.
607 2376 640 2388 —
658 2343 700 2403 lle
716 2340 872 2402 voluntate
887 2347 917 2402 et
932 2341 970 2403 de
985 2362 1106 2404 summo
1125 2342 1218 2405 bono.

220 2480 259 2492 -
275 2446 317 2506 ne
333 2458 440 2507 morte.

180 2603 264 2662 Pnns
280 2615 421 2662 cnrrrcu.

261 2726 426 2789 Scieutinm
441 2727 610 2787 humanum
625 2724 714 2786 certis
729 2725 843 2786 finibus
856 2745 922 2787 esse
935 2726 1151 2789 continendum
1164 2735 1223 2789 tes·

222 2839 302 2893 tetur·
315 2838 345 2892 et
356 2830 439 2912 quod
452 2849 557 2891 verum
574 2837 604 2891 et
614 2829 695 2911 quod
706 2829 814 2890 laisum
826 2844 871 2892 est
885 2829 917 2890 iu
929 2829 1061 2894 anretii
1072 2831 1220 2893 doctrine.

262 2936 400 2996 Primum
416 2944 497 2997 recte
516 2934 589 2997 dicit
607 2933 644 2996 nb
664 2934 835 3015 ignorantis
849 2935 969 2997 dininas
989 2943 1019 2997 et
1040 2944 1222 2997 caeterssres

223 3038 369 3100 miscente
384 3040 488 3100 omnia
504 3038 583 3099 mele
600 3038 683 3100 oriri.

263 3147 380 3207 Rursus
395 3156 476 3208 recte
488 3144 562 3207 dicit
574 3145 629 3206 Dei
643 3145 801 3206 scientiam
818 3152 848 3206 et
862 3165 962 3206 rerum
979 3144 1136 3207 scientiam
1156 3163 1222 3206 esse

226 3269 287 3313 non
302 3269 390 3333 posse
404 3251 461 3311 nisi
477 3250 645 3312 distinctus.

264 3355 376 3416 Verum
396 3354 473 3436 ipse,
490 3352 595 3415 omniu
616 3351 761 3425 miscens,
783 3351 902 3413 nullum
921 3371 1021 3434 neque
1035 3353 1109 3427 Deo,
1123 3370 1224 3433 neque

226 3459 344 3522 homini
359 3460 470 3534 locum,
489 3459 546 3520 nisi
563 3459 594 3519 in
609 3458 694 3519 inani
710 3456 864 3540 relinquit.

188 3614 382 3674 Concnusro.

278 4201 330 4244 teet
343 4221 369 4230 -
381 4198 452 4250 Puris,
464 4203 588 4255 imprimeris
600 4197 714 4244 Grinndet
727 4209 749 4244 et
758 4197 857 4249 lentant,
868 4213 905 4242 ru·
914 4196 1074 4250 Salat-llennrl.
1087 4201 1136 4244 ms.
