3086 5068
670 505 734 588 DE
1081 575 1084 582 .

277 763 1118 986 nnennrrr

336 1157 617 1255 neutrorum
634 1157 683 1245 m
700 1154 851 1246 norro
869 1095 1072 1242 morum
1198 1103 1201 1110 ”

191 2491 194 2498 ,
240 2410 336 2502 Ottod
352 2410 529 2486 diocrimco
540 2408 628 2483 iuter
639 2399 847 2506 philosophos
859 2411 1014 2484 Marcum
1031 2401 1171 2484 multtum
1189 2417 1228 2483 ct

191 2530 675 2625 tooetomt—Phttoroptio
687 2532 929 2624 jacueratapnd
942 2531 1111 2602 Romanos
1120 2551 1227 2622 usque

192 2659 234 2730 ed
251 2665 385 2732 aetotem
403 2656 506 2730 Marci
521 2655 617 2731 Tullii
641 2665 676 2726 et
696 2653 840 2748 Lucretii
862 2653 956 2738 Gari,
980 2673 1093 2746 neque
1121 2651 1228 2724 ulium

191 2777 355 2864 babuerat
378 2779 489 2876 tumen
512 2777 704 2852 litterarum
717 2775 911 2860 latinamm,
930 2774 1039 2848 donec
1060 2773 1228 2846 maximus

191 2901 247 2980 iiic
259 2910 370 2974 orntor
386 2908 422 2972 et
436 2908 535 2994 poeta
549 2899 606 2972 hic
622 2901 792 2972 maximus
807 2898 974 2992 iacentem
998 2896 1168 2988 erigerent
1191 2905 1229 2966 et

185 3023 369 3096 ,obscuram
388 3020 605 3096 iliustrarent.
620 3020 728 3105 Quem
741 3040 843 3104 uero,
866 3019 935 3090 vita
948 3026 1100 3091 anteacta
1112 3015 1227 3088 erudi,

191 3153 271 3234 tus,
291 3153 326 3220 et
344 3146 587 3237 preteritorum
606 3153 793 3237 mmporurn
816 3163 957 3228 memor,
974 3150 1076 3214 totam
1096 3142 1139 3215 nd
1154 3161 1228 3212 mo

94 3309 100 3314 -
186 3286 267 3339 rum
281 3275 449 3360 precepto
466 3276 502 3340 et
517 3267 697 3344 humanam
712 3265 991 3338 communitatem
1004 3285 1224 3348 conversam,

192 3389 382 3482 agendique
399 3389 594 3482 magistram
608 3395 851 3464 monstraverat
865 3387 1015 3472 Tullius,
1046 3387 1224 3476 eamdem,

190 3511 280 3588 ‚tristi
298 3511 508 3604 experientia
524 3511 662 3588 ednotus
677 3521 713 3584 et
725 3531 889 3584 novorum
906 3510 1072 3582 sectorum
1091 3529 1224 3602 ormana

184 3653 269 3725 gua,
288 3642 393 3710 totam
412 3633 456 3708 au
470 3655 529 3709 res
550 3643 707 3710 externas
723 3643 920 3725 naturaeque
946 3633 1041 3725 teges
1066 3633 1227 3704 intentam

190 3757 225 3824 et
240 3750 429 3826 abstinendi
446 3764 617 3828 auctorem
632 3754 703 3826 vult
716 3753 905 3824 Lucretius.
930 3750 982 3822 Ad
1007 3751 1226 3844 philosophiae

191 3871 339 3950 studium
361 3879 455 3952 venit
467 3880 655 3952 consuturis
675 3877 741 3967 vir,
759 3896 802 3949 ne
821 3877 854 3948 in
872 3876 940 3948 otio
968 3885 1085 3948 coacto
1106 3875 1228 3947 hebes·
1340 3853 1341 3858 ¹

190 4007 300 4071 catut
327 3999 546 4094 languescat,
567 4000 681 4094 patriae
702 4000 851 4087 inutilis3
874 3998 1015 4092 publicae
1032 3998 1079 4068 rei
1103 3997 1227 4091 proeci-

191 4141 295 4212 nuum
315 4144 450 4217 semper
467 4133 660 4217 respectum
678 4121 806 4208 habet,
831 4129 933 4216 atque
956 4141 1035 4192 suos
1059 4118 1227 4191 academi-

1089 4265 1100 4310 i
