<?xml version="1.0" encoding="UTF-8"?>
<!DOCTYPE html PUBLIC "-//W3C//DTD XHTML 1.0 Transitional//EN"
    "http://www.w3.org/TR/xhtml1/DTD/xhtml1-transitional.dtd">
<html xmlns="http://www.w3.org/1999/xhtml" xml:lang="en" lang="en">
 <head>
  <title>
</title>
<meta http-equiv="Content-Type" content="text/html;charset=utf-8" />
  <meta name='ocr-system' content='tesseract 3.04.00' />
  <meta name='ocr-capabilities' content='ocr_page ocr_carea ocr_par ocr_line ocrx_word'/>
</head>
<body>
  <div class='ocr_page' id='page_1' title='image "./delucretiimetap00suckgoog_0064.png"; bbox 0 0 3086 5068; ppageno 0'>
   <div class='ocr_carea' id='block_1_1' title="bbox 628 499 788 560">
    <p class='ocr_par' dir='ltr' id='par_1_1' title="bbox 628 499 788 560">
     <span class='ocr_line' id='line_1_1' title="bbox 628 499 788 560; baseline 0.031 -15"><span class='ocrx_word' id='word_1_1' title='bbox 628 499 788 560; x_wconf 66' lang='lat' dir='ltr'><strong>..at-</strong></span> 
     </span>
    </p>
   </div>
   <div class='ocr_carea' id='block_1_2' title="bbox 197 622 1260 4261">
    <p class='ocr_par' dir='ltr' id='par_1_2' title="bbox 201 622 1235 715">
     <span class='ocr_line' id='line_1_2' title="bbox 201 622 1235 715; baseline 0.004 -17"><span class='ocrx_word' id='word_1_2' title='bbox 201 639 415 715; x_wconf 78' lang='lat' dir='ltr'><strong>muan‚.quae</strong></span> <span class='ocrx_word' id='word_1_3' title='bbox 437 622 504 694; x_wconf 86' lang='lat' dir='ltr'><strong>sint</strong></span> <span class='ocrx_word' id='word_1_4' title='bbox 529 629 563 698; x_wconf 82' lang='lat' dir='ltr'><strong>et</strong></span> <span class='ocrx_word' id='word_1_5' title='bbox 580 625 735 700; x_wconf 76' lang='lat' dir='ltr'><strong>scientiae</strong></span> <span class='ocrx_word' id='word_1_6' title='bbox 761 639 794 700; x_wconf 87' lang='lat' dir='ltr'><strong>et</strong></span> <span class='ocrx_word' id='word_1_7' title='bbox 819 627 986 700; x_wconf 69' lang='lat' dir='ltr'><strong>felicitatis</strong></span> <span class='ocrx_word' id='word_1_8' title='bbox 1012 627 1235 702; x_wconf 81' lang='lat' dir='ltr'><strong>conditiones.</strong></span> 
     </span>
    </p>

    <p class='ocr_par' dir='ltr' id='par_1_3' title="bbox 197 748 1249 2406">
     <span class='ocr_line' id='line_1_3' title="bbox 250 748 1241 842; baseline 0.007 -25"><span class='ocrx_word' id='word_1_9' title='bbox 250 748 380 832; x_wconf 82' lang='lat' dir='ltr'><strong>Quolit</strong></span> <span class='ocrx_word' id='word_1_10' title='bbox 400 755 436 816; x_wconf 93' lang='lat' dir='ltr'><strong>ut</strong></span> <span class='ocrx_word' id='word_1_11' title='bbox 459 765 525 816; x_wconf 93' lang='lat' dir='ltr'><strong>non</strong></span> <span class='ocrx_word' id='word_1_12' title='bbox 540 748 648 823; x_wconf 87' lang='lat' dir='ltr'><strong>solum</strong></span> <span class='ocrx_word' id='word_1_13' title='bbox 673 772 757 842; x_wconf 83' lang='lat' dir='ltr'><strong>quos</strong></span> <span class='ocrx_word' id='word_1_14' title='bbox 776 771 844 822; x_wconf 90' lang='lat' dir='ltr'><strong>non</strong></span> <span class='ocrx_word' id='word_1_15' title='bbox 865 753 1022 824; x_wconf 87' lang='lat' dir='ltr'><strong>novimus</strong></span> <span class='ocrx_word' id='word_1_16' title='bbox 1044 752 1126 824; x_wconf 86' lang='lat' dir='ltr'><strong>deos</strong></span> <span class='ocrx_word' id='word_1_17' title='bbox 1149 753 1241 824; x_wconf 83' lang='lat' dir='ltr'><strong>mala</strong></span> 
     </span>
     <span class='ocr_line' id='line_1_4' title="bbox 200 869 1244 966; baseline 0.003 -22"><span class='ocrx_word' id='word_1_18' title='bbox 200 869 1244 966; x_wconf 59' lang='lat' dir='ltr'><strong>colamus-sedotiamnostrummetipsorumignarimulevlua·</strong></span> 
     </span>
     <span class='ocr_line' id='line_1_5' title="bbox 201 993 1241 1088; baseline 0.002 -22"><span class='ocrx_word' id='word_1_19' title='bbox 201 1015 289 1066; x_wconf 88' lang='lat' dir='ltr'><strong>mus.</strong></span> <span class='ocrx_word' id='word_1_20' title='bbox 311 993 462 1076; x_wconf 84' lang='lat' dir='ltr'><strong>Etenim,</strong></span> <span class='ocrx_word' id='word_1_21' title='bbox 489 1013 607 1083; x_wconf 85' lang='lat' dir='ltr'><strong>quum,</strong></span> <span class='ocrx_word' id='word_1_22' title='bbox 636 1015 747 1064; x_wconf 77' lang='lat' dir='ltr'><strong>rernm</strong></span> <span class='ocrx_word' id='word_1_23' title='bbox 765 1015 848 1088; x_wconf 79' lang='lat' dir='ltr'><strong>quae</strong></span> <span class='ocrx_word' id='word_1_24' title='bbox 862 999 1035 1088; x_wconf 79' lang='lat' dir='ltr'><strong>cognoscit</strong></span> <span class='ocrx_word' id='word_1_25' title='bbox 1049 998 1241 1082; x_wconf 79' lang='lat' dir='ltr'><strong>immemor,</strong></span> 
     </span>
     <span class='ocr_line' id='line_1_6' title="bbox 200 1114 1243 1210; baseline 0.006 -24"><span class='ocrx_word' id='word_1_26' title='bbox 200 1117 332 1187; x_wconf 89' lang='lat' dir='ltr'><strong>animus</strong></span> <span class='ocrx_word' id='word_1_27' title='bbox 360 1124 446 1186; x_wconf 90' lang='lat' dir='ltr'><strong>totus</strong></span> <span class='ocrx_word' id='word_1_28' title='bbox 474 1115 507 1186; x_wconf 87' lang='lat' dir='ltr'><strong>in</strong></span> <span class='ocrx_word' id='word_1_29' title='bbox 537 1114 724 1188; x_wconf 82' lang='lat' dir='ltr'><strong>abditarum</strong></span> <span class='ocrx_word' id='word_1_30' title='bbox 754 1139 927 1190; x_wconf 79' lang='lat' dir='ltr'><strong>causarum</strong></span> <span class='ocrx_word' id='word_1_31' title='bbox 960 1119 1243 1210; x_wconf 77' lang='lat' dir='ltr'><strong>contemplatione</strong></span> 
     </span>
     <span class='ocr_line' id='line_1_7' title="bbox 203 1238 1246 1333; baseline 0.007 -28"><span class='ocrx_word' id='word_1_32' title='bbox 203 1247 366 1326; x_wconf 84' lang='lat' dir='ltr'><strong>versatur,</strong></span> <span class='ocrx_word' id='word_1_33' title='bbox 392 1245 496 1329; x_wconf 86' lang='lat' dir='ltr'><strong>atquo</strong></span> <span class='ocrx_word' id='word_1_34' title='bbox 520 1238 561 1307; x_wconf 89' lang='lat' dir='ltr'><strong>ad</strong></span> <span class='ocrx_word' id='word_1_35' title='bbox 587 1238 618 1308; x_wconf 90' lang='lat' dir='ltr'><strong>id</strong></span> <span class='ocrx_word' id='word_1_36' title='bbox 634 1247 772 1310; x_wconf 47' lang='lat' dir='ltr'><strong>‘tantum</strong></span> <span class='ocrx_word' id='word_1_37' title='bbox 800 1241 888 1333; x_wconf 88' lang='lat' dir='ltr'><strong>quod</strong></span> <span class='ocrx_word' id='word_1_38' title='bbox 913 1239 1098 1331; x_wconf 80' lang='lat' dir='ltr'><strong>intelligere</strong></span> <span class='ocrx_word' id='word_1_39' title='bbox 1126 1240 1246 1333; x_wconf 88' lang='lat' dir='ltr'><strong>nequit</strong></span> 
     </span>
     <span class='ocr_line' id='line_1_8' title="bbox 205 1357 1243 1450; baseline 0.002 -18"><span class='ocrx_word' id='word_1_40' title='bbox 205 1366 290 1432; x_wconf 79' lang='lat' dir='ltr'><strong>totns</strong></span> <span class='ocrx_word' id='word_1_41' title='bbox 303 1357 508 1450; x_wconf 80' lang='lat' dir='ltr'><strong>intelligendi</strong></span> <span class='ocrx_word' id='word_1_42' title='bbox 520 1361 607 1430; x_wconf 77' lang='lat' dir='ltr'><strong>vices</strong></span> <span class='ocrx_word' id='word_1_43' title='bbox 616 1359 769 1449; x_wconf 87' lang='lat' dir='ltr'><strong>intendit,</strong></span> <span class='ocrx_word' id='word_1_44' title='bbox 784 1382 921 1433; x_wconf 85' lang='lat' dir='ltr'><strong>necesse</strong></span> <span class='ocrx_word' id='word_1_45' title='bbox 932 1370 996 1448; x_wconf 87' lang='lat' dir='ltr'><strong>est,</strong></span> <span class='ocrx_word' id='word_1_46' title='bbox 1012 1361 1104 1432; x_wconf 88' lang='lat' dir='ltr'><strong>omni</strong></span> <span class='ocrx_word' id='word_1_47' title='bbox 1116 1361 1243 1434; x_wconf 83' lang='lat' dir='ltr'><strong>ratione</strong></span> 
     </span>
     <span class='ocr_line' id='line_1_9' title="bbox 197 1459 1246 1577; baseline 0.001 -24"><span class='ocrx_word' id='word_1_48' title='bbox 197 1459 240 1553; x_wconf 34' lang='lat' dir='ltr'><strong>‘et</strong></span> <span class='ocrx_word' id='word_1_49' title='bbox 256 1481 343 1552; x_wconf 89' lang='lat' dir='ltr'><strong>unani</strong></span> <span class='ocrx_word' id='word_1_50' title='bbox 358 1481 444 1552; x_wconf 82' lang='lat' dir='ltr'><strong>duce</strong></span> <span class='ocrx_word' id='word_1_51' title='bbox 456 1482 620 1569; x_wconf 78' lang='lat' dir='ltr'><strong>destituti,</strong></span> <span class='ocrx_word' id='word_1_52' title='bbox 635 1486 760 1554; x_wconf 82' lang='lat' dir='ltr'><strong>temere</strong></span> <span class='ocrx_word' id='word_1_53' title='bbox 773 1485 814 1554; x_wconf 85' lang='lat' dir='ltr'><strong>nd</strong></span> <span class='ocrx_word' id='word_1_54' title='bbox 827 1485 859 1555; x_wconf 87' lang='lat' dir='ltr'><strong>id</strong></span> <span class='ocrx_word' id='word_1_55' title='bbox 870 1485 1111 1577; x_wconf 82' lang='lat' dir='ltr'><strong>leeamnrquod</strong></span> <span class='ocrx_word' id='word_1_56' title='bbox 1122 1505 1246 1556; x_wconf 88' lang='lat' dir='ltr'><strong>sensus</strong></span> 
     </span>
     <span class='ocr_line' id='line_1_10' title="bbox 205 1603 1247 1698; baseline 0.002 -22"><span class='ocrx_word' id='word_1_57' title='bbox 205 1603 319 1690; x_wconf 75' lang='lat' dir='ltr'><strong>allicit,</strong></span> <span class='ocrx_word' id='word_1_58' title='bbox 335 1613 407 1687; x_wconf 83' lang='lat' dir='ltr'><strong>aut,</strong></span> <span class='ocrx_word' id='word_1_59' title='bbox 417 1603 506 1676; x_wconf 89' lang='lat' dir='ltr'><strong>lalsis</strong></span> <span class='ocrx_word' id='word_1_60' title='bbox 516 1605 712 1697; x_wconf 82' lang='lat' dir='ltr'><strong>imaginibus</strong></span> <span class='ocrx_word' id='word_1_61' title='bbox 722 1606 840 1691; x_wconf 82' lang='lat' dir='ltr'><strong>territi,</strong></span> <span class='ocrx_word' id='word_1_62' title='bbox 854 1607 966 1677; x_wconf 90' lang='lat' dir='ltr'><strong>omnia</strong></span> <span class='ocrx_word' id='word_1_63' title='bbox 979 1627 1057 1698; x_wconf 68' lang='lat' dir='ltr'><strong>quse</strong></span> <span class='ocrx_word' id='word_1_64' title='bbox 1068 1606 1247 1678; x_wconf 78' lang='lat' dir='ltr'><strong>horremus</strong></span> 
     </span>
     <span class='ocr_line' id='line_1_11' title="bbox 208 1726 1247 1819; baseline 0.006 -25"><span class='ocrx_word' id='word_1_65' title='bbox 208 1726 292 1795; x_wconf 83' lang='lat' dir='ltr'><strong>nula</strong></span> <span class='ocrx_word' id='word_1_66' title='bbox 314 1745 560 1819; x_wconf 84' lang='lat' dir='ltr'><strong>aquocumqua</strong></span> <span class='ocrx_word' id='word_1_67' title='bbox 583 1729 718 1798; x_wconf 87' lang='lat' dir='ltr'><strong>numine</strong></span> <span class='ocrx_word' id='word_1_68' title='bbox 746 1728 978 1818; x_wconf 77' lang='lat' dir='ltr'><strong>deprecemur.</strong></span> <span class='ocrx_word' id='word_1_69' title='bbox 1010 1729 1089 1800; x_wconf 83' lang='lat' dir='ltr'><strong>Haec</strong></span> <span class='ocrx_word' id='word_1_70' title='bbox 1107 1729 1177 1800; x_wconf 81' lang='lat' dir='ltr'><strong>sola</strong></span> <span class='ocrx_word' id='word_1_71' title='bbox 1199 1728 1247 1800; x_wconf 91' lang='lat' dir='ltr'><strong>vi·</strong></span> 
     </span>
     <span class='ocr_line' id='line_1_12' title="bbox 209 1847 1246 1942; baseline 0.004 -24"><span class='ocrx_word' id='word_1_72' title='bbox 209 1847 406 1933; x_wconf 70' lang='lat' dir='ltr'><strong>inutilitas,</strong></span> <span class='ocrx_word' id='word_1_73' title='bbox 424 1849 478 1920; x_wconf 88' lang='lat' dir='ltr'><strong>hic</strong></span> <span class='ocrx_word' id='word_1_74' title='bbox 492 1849 583 1921; x_wconf 89' lang='lat' dir='ltr'><strong>solus</strong></span> <span class='ocrx_word' id='word_1_75' title='bbox 597 1852 693 1936; x_wconf 79' lang='lat' dir='ltr'><strong>lunis,</strong></span> <span class='ocrx_word' id='word_1_76' title='bbox 713 1861 749 1922; x_wconf 89' lang='lat' dir='ltr'><strong>ut</strong></span> <span class='ocrx_word' id='word_1_77' title='bbox 766 1851 876 1922; x_wconf 72' lang='lat' dir='ltr'><strong>obiam</strong></span> <span class='ocrx_word' id='word_1_78' title='bbox 895 1852 1064 1942; x_wconf 80' lang='lat' dir='ltr'><strong>voluptate</strong></span> <span class='ocrx_word' id='word_1_79' title='bbox 1081 1853 1246 1941; x_wconf 77' lang='lat' dir='ltr'><strong>truamur,</strong></span> 
     </span>
     <span class='ocr_line' id='line_1_13' title="bbox 207 1970 1248 2064; baseline 0.008 -27"><span class='ocrx_word' id='word_1_80' title='bbox 207 1970 261 2040; x_wconf 85' lang='lat' dir='ltr'><strong>vel</strong></span> <span class='ocrx_word' id='word_1_81' title='bbox 287 1970 427 2042; x_wconf 81' lang='lat' dir='ltr'><strong>deorum</strong></span> <span class='ocrx_word' id='word_1_82' title='bbox 451 1990 526 2042; x_wconf 82' lang='lat' dir='ltr'><strong>aras</strong></span> <span class='ocrx_word' id='word_1_83' title='bbox 548 1971 704 2062; x_wconf 85' lang='lat' dir='ltr'><strong>precibus</strong></span> <span class='ocrx_word' id='word_1_84' title='bbox 718 1973 907 2064; x_wconf 79' lang='lat' dir='ltr'><strong>fatigemus.</strong></span> <span class='ocrx_word' id='word_1_85' title='bbox 936 1973 1045 2044; x_wconf 82' lang='lat' dir='ltr'><strong>Vitam</strong></span> <span class='ocrx_word' id='word_1_86' title='bbox 1062 1973 1108 2043; x_wconf 80' lang='lat' dir='ltr'><strong>ita</strong></span> <span class='ocrx_word' id='word_1_87' title='bbox 1124 1974 1248 2064; x_wconf 77' lang='lat' dir='ltr'><strong>jacen·-</strong></span> 
     </span>
     <span class='ocr_line' id='line_1_14' title="bbox 210 2091 1247 2185; baseline 0.006 -25"><span class='ocrx_word' id='word_1_88' title='bbox 210 2099 277 2161; x_wconf 87' lang='lat' dir='ltr'><strong>tem</strong></span> <span class='ocrx_word' id='word_1_89' title='bbox 293 2102 327 2162; x_wconf 86' lang='lat' dir='ltr'><strong>et</strong></span> <span class='ocrx_word' id='word_1_90' title='bbox 343 2091 541 2163; x_wconf 89' lang='lat' dir='ltr'><strong>submissam</strong></span> <span class='ocrx_word' id='word_1_91' title='bbox 560 2096 804 2164; x_wconf 88' lang='lat' dir='ltr'><strong>contemnimus</strong></span> <span class='ocrx_word' id='word_1_92' title='bbox 827 2104 926 2185; x_wconf 84' lang='lat' dir='ltr'><strong>atque</strong></span> <span class='ocrx_word' id='word_1_93' title='bbox 940 2095 1159 2183; x_wconf 88' lang='lat' dir='ltr'><strong>damnamus;</strong></span> <span class='ocrx_word' id='word_1_94' title='bbox 1177 2095 1247 2171; x_wconf 86' lang='lat' dir='ltr'><strong>imo</strong></span> 
     </span>
     <span class='ocr_line' id='line_1_15' title="bbox 211 2213 1249 2310; baseline 0.006 -28"><span class='ocrx_word' id='word_1_95' title='bbox 211 2213 303 2284; x_wconf 83' lang='lat' dir='ltr'><strong>uelut</strong></span> <span class='ocrx_word' id='word_1_96' title='bbox 320 2214 458 2286; x_wconf 88' lang='lat' dir='ltr'><strong>alienam</strong></span> <span class='ocrx_word' id='word_1_97' title='bbox 477 2224 578 2308; x_wconf 82' lang='lat' dir='ltr'><strong>atque</strong></span> <span class='ocrx_word' id='word_1_98' title='bbox 599 2216 720 2288; x_wconf 88' lang='lat' dir='ltr'><strong>molam</strong></span> <span class='ocrx_word' id='word_1_99' title='bbox 738 2216 914 2310; x_wconf 79' lang='lat' dir='ltr'><strong>repudiare</strong></span> <span class='ocrx_word' id='word_1_100' title='bbox 931 2237 970 2289; x_wconf 89' lang='lat' dir='ltr'><strong>ac</strong></span> <span class='ocrx_word' id='word_1_101' title='bbox 985 2217 1171 2308; x_wconf 83' lang='lat' dir='ltr'><strong>relinquero</strong></span> <span class='ocrx_word' id='word_1_102' title='bbox 1187 2237 1249 2288; x_wconf 90' lang='lat' dir='ltr'><strong>vo·</strong></span> 
     </span>
     <span class='ocr_line' id='line_1_16' title="bbox 211 2334 339 2406; baseline 0 0"><span class='ocrx_word' id='word_1_103' title='bbox 211 2334 339 2406; x_wconf 86' lang='lat' dir='ltr'><strong>lomus.</strong></span> 
     </span>
    </p>

    <p class='ocr_par' dir='ltr' id='par_1_4' title="bbox 211 2457 1259 3892">
     <span class='ocr_line' id='line_1_17' title="bbox 260 2457 1249 2542; baseline 0.004 -14"><span class='ocrx_word' id='word_1_104' title='bbox 260 2457 472 2541; x_wconf 84' lang='lat' dir='ltr'><strong>Quumenim</strong></span> <span class='ocrx_word' id='word_1_105' title='bbox 486 2459 896 2532; x_wconf 81' lang='lat' dir='ltr'><strong>vitaeltumanaeaationon</strong></span> <span class='ocrx_word' id='word_1_106' title='bbox 910 2459 1065 2542; x_wconf 82' lang='lat' dir='ltr'><strong>innubis,</strong></span> <span class='ocrx_word' id='word_1_107' title='bbox 1081 2479 1198 2531; x_wconf 82' lang='lat' dir='ltr'><strong>verum</strong></span> <span class='ocrx_word' id='word_1_108' title='bbox 1214 2461 1249 2532; x_wconf 90' lang='lat' dir='ltr'><strong>io</strong></span> 
     </span>
     <span class='ocr_line' id='line_1_18' title="bbox 211 2579 1250 2674; baseline -0.001 -22"><span class='ocrx_word' id='word_1_109' title='bbox 211 2579 293 2664; x_wconf 82' lang='lat' dir='ltr'><strong>Deo,</strong></span> <span class='ocrx_word' id='word_1_110' title='bbox 306 2582 414 2652; x_wconf 90' lang='lat' dir='ltr'><strong>nonin</strong></span> <span class='ocrx_word' id='word_1_111' title='bbox 427 2582 656 2674; x_wconf 82' lang='lat' dir='ltr'><strong>legeccgnita,</strong></span> <span class='ocrx_word' id='word_1_112' title='bbox 669 2583 826 2654; x_wconf 79' lang='lat' dir='ltr'><strong>verumio</strong></span> <span class='ocrx_word' id='word_1_113' title='bbox 841 2582 1182 2654; x_wconf 84' lang='lat' dir='ltr'><strong>voluntatcaeternum</strong></span> <span class='ocrx_word' id='word_1_114' title='bbox 1193 2583 1250 2652; x_wconf 79' lang='lat' dir='ltr'><strong>ab·</strong></span> 
     </span>
     <span class='ocr_line' id='line_1_19' title="bbox 211 2701 1252 2795; baseline 0.002 -25"><span class='ocrx_word' id='word_1_115' title='bbox 211 2701 292 2783; x_wconf 86' lang='lat' dir='ltr'><strong>dita,</strong></span> <span class='ocrx_word' id='word_1_116' title='bbox 306 2703 486 2793; x_wconf 72' lang='lat' dir='ltr'><strong>quaereodn</strong></span> <span class='ocrx_word' id='word_1_117' title='bbox 501 2704 559 2791; x_wconf 87' lang='lat' dir='ltr'><strong>sit,</strong></span> <span class='ocrx_word' id='word_1_118' title='bbox 578 2702 655 2795; x_wconf 89' lang='lat' dir='ltr'><strong>quid</strong></span> <span class='ocrx_word' id='word_1_119' title='bbox 671 2703 849 2795; x_wconf 83' lang='lat' dir='ltr'><strong>reliquum,</strong></span> <span class='ocrx_word' id='word_1_120' title='bbox 865 2703 927 2773; x_wconf 91' lang='lat' dir='ltr'><strong>nisi</strong></span> <span class='ocrx_word' id='word_1_121' title='bbox 941 2701 1118 2774; x_wconf 82' lang='lat' dir='ltr'><strong>credamus</strong></span> <span class='ocrx_word' id='word_1_122' title='bbox 1132 2723 1252 2774; x_wconf 82' lang='lat' dir='ltr'><strong>ueram</strong></span> 
     </span>
     <span class='ocr_line' id='line_1_20' title="bbox 214 2825 1249 2918; baseline 0 -25"><span class='ocrx_word' id='word_1_123' title='bbox 214 2825 1249 2918; x_wconf 77' lang='lat' dir='ltr'><strong>nosvitammanereinregiootbustottnttts‚obinuttaesuotres,</strong></span> 
     </span>
     <span class='ocr_line' id='line_1_21' title="bbox 212 2945 1252 3040; baseline 0.004 -24"><span class='ocrx_word' id='word_1_124' title='bbox 212 2945 367 3038; x_wconf 88' lang='lat' dir='ltr'><strong>nullaque</strong></span> <span class='ocrx_word' id='word_1_125' title='bbox 379 2949 538 3040; x_wconf 79' lang='lat' dir='ltr'><strong>temporis</strong></span> <span class='ocrx_word' id='word_1_126' title='bbox 549 2958 583 3019; x_wconf 90' lang='lat' dir='ltr'><strong>et</strong></span> <span class='ocrx_word' id='word_1_127' title='bbox 595 2948 657 3019; x_wconf 90' lang='lat' dir='ltr'><strong>loci</strong></span> <span class='ocrx_word' id='word_1_128' title='bbox 671 2949 907 3030; x_wconf 85' lang='lat' dir='ltr'><strong>mensurn,ubi</strong></span> <span class='ocrx_word' id='word_1_129' title='bbox 916 2949 1006 3019; x_wconf 89' lang='lat' dir='ltr'><strong>solus</strong></span> <span class='ocrx_word' id='word_1_130' title='bbox 1019 2949 1109 3019; x_wconf 87' lang='lat' dir='ltr'><strong>Deus</strong></span> <span class='ocrx_word' id='word_1_131' title='bbox 1119 2951 1252 3040; x_wconf 81' lang='lat' dir='ltr'><strong>ignotus</strong></span> 
     </span>
     <span class='ocr_line' id='line_1_22' title="bbox 215 3065 1248 3160; baseline -0.001 -22"><span class='ocrx_word' id='word_1_132' title='bbox 215 3065 347 3138; x_wconf 71' lang='lat' dir='ltr'><strong>reniet.</strong></span> <span class='ocrx_word' id='word_1_133' title='bbox 377 3067 428 3137; x_wconf 79' lang='lat' dir='ltr'><strong>l&#39;it</strong></span> <span class='ocrx_word' id='word_1_134' title='bbox 443 3069 545 3160; x_wconf 76' lang='lat' dir='ltr'><strong>igitur</strong></span> <span class='ocrx_word' id='word_1_135' title='bbox 566 3071 633 3140; x_wconf 86' lang='lat' dir='ltr'><strong>vita</strong></span> <span class='ocrx_word' id='word_1_136' title='bbox 649 3071 816 3140; x_wconf 88' lang='lat' dir='ltr'><strong>meditatio</strong></span> <span class='ocrx_word' id='word_1_137' title='bbox 834 3089 899 3140; x_wconf 92' lang='lat' dir='ltr'><strong>non</strong></span> <span class='ocrx_word' id='word_1_138' title='bbox 922 3069 1013 3152; x_wconf 78' lang='lat' dir='ltr'><strong>otta,</strong></span> <span class='ocrx_word' id='word_1_139' title='bbox 1033 3068 1093 3140; x_wconf 84' lang='lat' dir='ltr'><strong>sed</strong></span> <span class='ocrx_word' id='word_1_140' title='bbox 1110 3068 1248 3154; x_wconf 81' lang='lat' dir='ltr'><strong>mortis,</strong></span> 
     </span>
     <span class='ocr_line' id='line_1_23' title="bbox 216 3180 1249 3268; baseline 0.001 -9"><span class='ocrx_word' id='word_1_141' title='bbox 216 3209 282 3260; x_wconf 91' lang='lat' dir='ltr'><strong>non</strong></span> <span class='ocrx_word' id='word_1_142' title='bbox 308 3211 418 3263; x_wconf 83' lang='lat' dir='ltr'><strong>rerum</strong></span> <span class='ocrx_word' id='word_1_143' title='bbox 440 3191 586 3264; x_wconf 82' lang='lat' dir='ltr'><strong>lelicitati</strong></span> <span class='ocrx_word' id='word_1_144' title='bbox 610 3180 732 3264; x_wconf 73' lang='lat' dir='ltr'><strong>nostras</strong></span> <span class='ocrx_word' id='word_1_145' title='bbox 758 3191 879 3262; x_wconf 86' lang='lat' dir='ltr'><strong>melius</strong></span> <span class='ocrx_word' id='word_1_146' title='bbox 906 3189 1249 3268; x_wconf 81' lang='lat' dir='ltr'><strong>accommodatarum,</strong></span> 
     </span>
     <span class='ocr_line' id='line_1_24' title="bbox 215 3308 1256 3404; baseline 0 -22"><span class='ocrx_word' id='word_1_147' title='bbox 215 3310 274 3397; x_wconf 83' lang='lat' dir='ltr'><strong>scd</strong></span> <span class='ocrx_word' id='word_1_148' title='bbox 285 3313 565 3404; x_wconf 79' lang='lat' dir='ltr'><strong>temporisigooti,</strong></span> <span class='ocrx_word' id='word_1_149' title='bbox 583 3313 637 3383; x_wconf 87' lang='lat' dir='ltr'><strong>ubi</strong></span> <span class='ocrx_word' id='word_1_150' title='bbox 654 3312 810 3402; x_wconf 78' lang='lat' dir='ltr'><strong>nihilium</strong></span> <span class='ocrx_word' id='word_1_151' title='bbox 821 3311 1027 3402; x_wconf 85' lang='lat' dir='ltr'><strong>velleoeque</strong></span> <span class='ocrx_word' id='word_1_152' title='bbox 1038 3308 1146 3383; x_wconf 82' lang='lat' dir='ltr'><strong>lacere</strong></span> <span class='ocrx_word' id='word_1_153' title='bbox 1158 3312 1256 3382; x_wconf 84' lang='lat' dir='ltr'><strong>nubis</strong></span> 
     </span>
     <span class='ocr_line' id='line_1_25' title="bbox 217 3432 1255 3528; baseline 0.004 -26"><span class='ocrx_word' id='word_1_154' title='bbox 217 3432 338 3504; x_wconf 86' lang='lat' dir='ltr'><strong>licebit.</strong></span> <span class='ocrx_word' id='word_1_155' title='bbox 376 3433 471 3522; x_wconf 85' lang='lat' dir='ltr'><strong>Quot</strong></span> <span class='ocrx_word' id='word_1_156' title='bbox 502 3455 565 3506; x_wconf 91' lang='lat' dir='ltr'><strong>ooo</strong></span> <span class='ocrx_word' id='word_1_157' title='bbox 588 3455 723 3520; x_wconf 81' lang='lat' dir='ltr'><strong>sumus,</strong></span> <span class='ocrx_word' id='word_1_158' title='bbox 742 3436 830 3528; x_wconf 86' lang='lat' dir='ltr'><strong>quod</strong></span> <span class='ocrx_word' id='word_1_159' title='bbox 849 3435 902 3508; x_wconf 85' lang='lat' dir='ltr'><strong>his</strong></span> <span class='ocrx_word' id='word_1_160' title='bbox 921 3436 955 3506; x_wconf 90' lang='lat' dir='ltr'><strong>in</strong></span> <span class='ocrx_word' id='word_1_161' title='bbox 978 3436 1159 3506; x_wconf 79' lang='lat' dir='ltr'><strong>terrisono</strong></span> <span class='ocrx_word' id='word_1_162' title='bbox 1179 3452 1255 3506; x_wconf 87' lang='lat' dir='ltr'><strong>esse</strong></span> 
     </span>
     <span class='ocr_line' id='line_1_26' title="bbox 215 3558 1257 3650; baseline 0 -24"><span class='ocrx_word' id='word_1_163' title='bbox 215 3575 412 3648; x_wconf 87' lang='lat' dir='ltr'><strong>possumus,</strong></span> <span class='ocrx_word' id='word_1_164' title='bbox 444 3558 531 3649; x_wconf 86' lang='lat' dir='ltr'><strong>quod</strong></span> <span class='ocrx_word' id='word_1_165' title='bbox 558 3567 631 3650; x_wconf 82' lang='lat' dir='ltr'><strong>post</strong></span> <span class='ocrx_word' id='word_1_166' title='bbox 654 3570 796 3630; x_wconf 81' lang='lat' dir='ltr'><strong>mortem</strong></span> <span class='ocrx_word' id='word_1_167' title='bbox 818 3558 919 3630; x_wconf 77' lang='lat' dir='ltr'><strong>loturi</strong></span> <span class='ocrx_word' id='word_1_168' title='bbox 940 3577 1072 3641; x_wconf 85' lang='lat' dir='ltr'><strong>sumus,</strong></span> <span class='ocrx_word' id='word_1_169' title='bbox 1093 3566 1257 3649; x_wconf 72' lang='lat' dir='ltr'><strong>pmpetun</strong></span> 
     </span>
     <span class='ocr_line' id='line_1_27' title="bbox 218 3678 1259 3771; baseline 0.002 -23"><span class='ocrx_word' id='word_1_170' title='bbox 218 3686 341 3750; x_wconf 80' lang='lat' dir='ltr'><strong>austrae</strong></span> <span class='ocrx_word' id='word_1_171' title='bbox 361 3679 463 3750; x_wconf 86' lang='lat' dir='ltr'><strong>munti</strong></span> <span class='ocrx_word' id='word_1_172' title='bbox 488 3678 707 3762; x_wconf 64' lang='lat' dir='ltr'><strong>obversatur,</strong></span> <span class='ocrx_word' id='word_1_173' title='bbox 723 3680 812 3771; x_wconf 82' lang='lat' dir='ltr'><strong>quod</strong></span> <span class='ocrx_word' id='word_1_174' title='bbox 836 3681 1003 3771; x_wconf 71' lang='lat' dir='ltr'><strong>proprium</strong></span> <span class='ocrx_word' id='word_1_175' title='bbox 1030 3688 1182 3752; x_wconf 79' lang='lat' dir='ltr'><strong>nostrum</strong></span> <span class='ocrx_word' id='word_1_176' title='bbox 1204 3689 1259 3750; x_wconf 90' lang='lat' dir='ltr'><strong>est</strong></span> 
     </span>
     <span class='ocr_line' id='line_1_28' title="bbox 218 3800 730 3892; baseline 0.006 -22"><span class='ocrx_word' id='word_1_177' title='bbox 218 3800 684 3892; x_wconf 79' lang='lat' dir='ltr'><strong>negligimusetlastiditnus.</strong></span> <span class='ocrx_word' id='word_1_178' title='bbox 713 3827 730 3846; x_wconf 71' lang='lat'><strong>,-</strong></span> 
     </span>
    </p>

    <p class='ocr_par' dir='ltr' id='par_1_5' title="bbox 220 3923 1260 4261">
     <span class='ocr_line' id='line_1_29' title="bbox 268 3923 1258 4016; baseline -0.002 -22"><span class='ocrx_word' id='word_1_179' title='bbox 268 3923 356 4007; x_wconf 89' lang='lat' dir='ltr'><strong>Quot</strong></span> <span class='ocrx_word' id='word_1_180' title='bbox 368 3933 481 3997; x_wconf 86' lang='lat' dir='ltr'><strong>autem</strong></span> <span class='ocrx_word' id='word_1_181' title='bbox 497 3924 582 3995; x_wconf 84' lang='lat' dir='ltr'><strong>malo</strong></span> <span class='ocrx_word' id='word_1_182' title='bbox 603 3925 733 4016; x_wconf 76' lang='lat' dir='ltr'><strong>peperit</strong></span> <span class='ocrx_word' id='word_1_183' title='bbox 756 3926 895 3996; x_wconf 82' lang='lat' dir='ltr'><strong>deorum</strong></span> <span class='ocrx_word' id='word_1_184' title='bbox 911 3926 1024 4008; x_wconf 76' lang='lat' dir='ltr'><strong>timor,</strong></span> <span class='ocrx_word' id='word_1_185' title='bbox 1045 3932 1094 3996; x_wconf 89' lang='lat' dir='ltr'><strong>tut</strong></span> <span class='ocrx_word' id='word_1_186' title='bbox 1109 3926 1194 4016; x_wconf 83' lang='lat' dir='ltr'><strong>parit</strong></span> <span class='ocrx_word' id='word_1_187' title='bbox 1213 3923 1258 3993; x_wconf 90' lang='lat' dir='ltr'><strong>ti·</strong></span> 
     </span>
     <span class='ocr_line' id='line_1_30' title="bbox 220 4043 1259 4130; baseline 0.002 -18"><span class='ocrx_word' id='word_1_188' title='bbox 220 4045 524 4116; x_wconf 80' lang='lat' dir='ltr'><strong>morvitaelutnaae.</strong></span> <span class='ocrx_word' id='word_1_189' title='bbox 541 4044 686 4130; x_wconf 83' lang='lat' dir='ltr'><strong>Etenim,</strong></span> <span class='ocrx_word' id='word_1_190' title='bbox 702 4043 1181 4125; x_wconf 80' lang='lat' dir='ltr'><strong>velutinlimineaeternitatis,</strong></span> <span class='ocrx_word' id='word_1_191' title='bbox 1196 4064 1259 4115; x_wconf 86' lang='lat' dir='ltr'><strong>ne·</strong></span> 
     </span>
     <span class='ocr_line' id='line_1_31' title="bbox 221 4167 1260 4261; baseline -0.001 -25"><span class='ocrx_word' id='word_1_192' title='bbox 221 4183 315 4252; x_wconf 77' lang='lat' dir='ltr'><strong>cosso</strong></span> <span class='ocrx_word' id='word_1_193' title='bbox 329 4174 381 4240; x_wconf 84' lang='lat' dir='ltr'><strong>est</strong></span> <span class='ocrx_word' id='word_1_194' title='bbox 397 4167 521 4260; x_wconf 88' lang='lat' dir='ltr'><strong>aliquid</strong></span> <span class='ocrx_word' id='word_1_195' title='bbox 537 4168 676 4261; x_wconf 78' lang='lat' dir='ltr'><strong>perditae</strong></span> <span class='ocrx_word' id='word_1_196' title='bbox 700 4168 799 4242; x_wconf 87' lang='lat' dir='ltr'><strong>menti</strong></span> <span class='ocrx_word' id='word_1_197' title='bbox 820 4177 989 4260; x_wconf 80' lang='lat' dir='ltr'><strong>appareat.</strong></span> <span class='ocrx_word' id='word_1_198' title='bbox 1012 4167 1059 4238; x_wconf 89' lang='lat' dir='ltr'><strong>lbi</strong></span> <span class='ocrx_word' id='word_1_199' title='bbox 1075 4167 1137 4238; x_wconf 88' lang='lat' dir='ltr'><strong>suh</strong></span> <span class='ocrx_word' id='word_1_200' title='bbox 1155 4167 1260 4237; x_wconf 79' lang='lat' dir='ltr'><strong>lomna</strong></span> 
     </span>
    </p>
   </div>
   <div class='ocr_carea' id='block_1_3' title="bbox 0 0 1561 5068">
    <p class='ocr_par' dir='ltr' id='par_1_6' title="bbox 0 0 1561 5068">
     <span class='ocr_line' id='line_1_32' title="bbox 0 0 1561 5068; baseline 0 0"><span class='ocrx_word' id='word_1_201' title='bbox 0 0 1561 5068; x_wconf 95' lang='lat' dir='ltr'><strong> </strong></span> 
     </span>
    </p>
   </div>
  </div>
 </body>
</html>
