3086 5068
523 779 940 872 mmmmm

668 1043 810 1065 μ

257 1309 451 1375 Ρ11111111111
476 1310 551 1374 mihi
576 1312 709 1376 morales
728 1311 854 1376 Senecae
870 1311 910 1375 ad
924 1309 1077 1374 Lucilium
1101 1308 1249 1393 epistolas

212 1425 326 1488 mirum
345 1423 509 1489 videbatur
526 1423 612 1508 'quod
626 1423 795 1489 acerrimus
809 1425 861 1489 ille
877 1424 981 1489 stoicae
1001 1421 1175 1507 disciplinae
1191 1421 1249 1486 de·

213 1538 319 1603 fensor
332 1555 546 1621 saepeuumero
558 1536 727 1621 Epicurum
741 1536 844 1621 potius
859 1529 953 1620 quam
970 1537 1127 1601 Zenonem
1143 1536 1175 1600 in
1190 1546 1248 1600 tes-

213 1649 376 1715 timonium
386 1649 535 1715 doctrinae
548 1669 612 1714 suae
625 1661 760 1727 vocaret,
779 1662 872 1734 atque
885 1669 923 1716 ex
936 1650 1021 1714 illius
1037 1650 1141 1735 potius
1155 1668 1248 1734 quarn

213 1783 252 1828 111
271 1764 365 1846 huJus
386 1764 476 1828 libris
495 1763 585 1850 quasi
608 1765 751 1830 consulto
776 1766 833 1829 has
848 1764 1017 1829 sententias
1046 1773 1245 1848 excerperet,

213 1897 291 1962 quas
307 1877 461 1963 discipulo
477 1896 534 1942 suo
548 1879 633 1942 velut
646 1879 740 1943 animi
756 1880 906 1964 pabulum
921 1879 1074 1955 traderet,
1093 1877 1249 1962 quotidia-

212 2011 287 2056 num
300 1992 463 2058 monitoris
478 1992 617 2057 debitum
634 1993 843 2059 exsoluturus.
863 1993 941 2058 Inde
964 1993 1040 2057 mihi
1055 2011 1168 2075 magna
1186 1991 1249 2056 du-

213 2104 321 2169 bitatio
347 2117 450 2170 utrum
471 2105 606 2183 Seneca,
623 2106 748 2172 nomine
764 2108 892 2185 stoicus,
913 2127 947 2172 re
963 2106 1131 2172 stoicorum
1155 2105 1250 2170 disci-

212 2217 306 2302 plinae
321 2218 468 2284 incertam
481 2218 574 2283 fidem
592 2219 773 2296 adhiberet,
791 2240 831 2284 an
844 2221 947 2285 minor
960 2240 1054 2304 quam
1064 2218 1158 2302 vulgo
1172 2218 1250 2283 dici-

213 2342 264 2396 tur
277 2331 490 2417 interEpicuri
505 2343 535 2396 et
550 2333 685 2397 Zenonis
701 2332 874 2396 doctrinam
889 2333 1095 2418 repugnantia
1109 2352 1180 2396 vere
1193 2333 1243 2396 sit.

257 2445 478 2529 Equidemuon
487 2446 669 2529 ignorabam
681 2445 829 2510 Senecam
835 2447 1098 2530 nulliusmagistri
1111 2447 1143 2510 in
1153 2446 1248 2511 verba

209 2559 326 2642 jurare,
349 2557 464 2643 quippe
479 2558 533 2642 qui
546 2558 730 2642 profiteatur
746 2577 812 2622 «se
832 2577 895 2623 non
913 2559 1001 2643 sequi
1017 2559 1145 2624 omnino
1160 2559 1247 2642 prio-

214 2690 304 2747 res»,
331 2672 388 2737 sed
416 2695 433 2732 c
447 2671 508 2736 sibi
529 2671 686 2757 permittat
709 2682 740 2736 et
761 2672 900 2736 invenire
924 2671 1045 2755 aliquid
1064 2684 1095 2736 et
1112 2683 1245 2748 mutare,
1299 2648 1302 2656 “

214 2796 245 2850 11
256 2785 431 2869 relinquere
444 2810 461 2847 »
477 2787 542 2870 (t).
558 2785 648 2862 Quod
663 2796 768 2850 autem
779 2805 812 2850 se
822 2785 967 2870 cuiquam
980 2786 1168 2871 philosopho
1183 2805 1246 2853 nou

212 2898 463 2982 emancipaverit,
478 2899 549 2983 quis
558 2909 650 2982 neget
663 2898 812 2963 Senecam
822 2898 952 2962 inlibris
965 2897 1043 2975 suis,
1054 2901 1247 2983 quammulti

212 3021 301 3088 sunt,
325 3011 456 3077 stoicum
468 3031 560 3096 agere
582 3023 612 3077 et
633 3011 780 3077 adversas
795 3012 930 3096 Epicuro
947 3023 1050 3096 partes
1069 3012 1244 3079 sustinere?

257 3123 377 3189 Placuit
390 3126 485 3208 igitur
497 3126 600 3210 ipsum
616 3125 807 3209 interrogare
820 3145 916 3210 quare
929 3126 969 3190 ad
992 3126 1125 3190 alienam
1141 3137 1248 3191 aucto-

212 3236 332 3302 ritatem
347 3239 528 3322 confugeret
539 3249 570 3303 et
581 3238 659 3323 quid
672 3238 753 3302 inter
765 3257 798 3302 se
810 3250 840 3303 et
848 3239 973 3323 Epicuri
982 3238 1154 3323 discipulos
1163 3257 1247 3304 com-

212 3370 305 3415 mune
320 3371 388 3418 esse
402 3363 535 3436 putaret.
550 3351 598 3416 lta
610 3352 687 3416 mihi
701 3351 759 3417 init
770 3353 902 3418 diversis
916 3353 993 3417 locis
1007 3372 1191 3437 responsum
1214 3374 1221 3416 :

260 3489 275 3524 c
287 3463 392 3530 Potest
403 3465 469 3531 irari
480 3478 514 3530 ut
521 3487 570 3532 me
582 3467 754 3550 interroges
767 3488 863 3553 quare
878 3469 916 3533 ab
925 3467 1059 3554 Epicuro
1075 3480 1137 3533 tam
1149 3471 1247 3534 multa
1321 3527 1328 3537 .

211 3578 290 3643 bene
305 3578 387 3644 dicta
402 3580 533 3646 reseram
545 3582 650 3666 potius
667 3602 759 3666 quam
776 3595 968 3647 nostrorum.
984 3583 1066 3659 Quid
1081 3596 1128 3648 est
1143 3595 1246 3648 tamen

211 3711 307 3776 quare
324 3704 357 3756 tu
369 3693 444 3758 istas
454 3695 580 3780 Epicuri
594 3715 686 3761 voces
697 3707 788 3781 putes
806 3717 886 3773 esse,
903 3716 964 3761 11111
981 3697 1123 3782 publicas
1136 3696 1209 3782 (tu
1226 3723 1242 3756 o

258 3805 460 3891 «Epicurus,
484 3810 605 3894 inquis,
623 3811 719 3876 dixit:
744 3811 826 3888 Quid
841 3812 897 3876 tihi
922 3832 992 3877 cum
1015 3812 1136 3877 alieno?
1156 3810 1246 3887 Quod

254 4041 303 4123 (1)
313 4043 431 4116 Seneca,
445 4064 491 4120 cp.
505 4045 555 4115 80,
568 4049 627 4107 init.
642 4047 686 4108 ct.
701 4067 746 4122 ep.
761 4048 811 4108 11.

255 4144 435 4226 (11811111,
452 4167 497 4224 ep.
512 4150 541 4210 8.
