3086 5068
655 485 699 508 .,
720 463 757 522 ,9
781 493 818 506 „

203 599 260 668 tiae
276 595 432 688 periectas
447 602 481 664 et
495 593 667 678 absolutae,
686 597 795 664 omnia
806 615 823 662 a
835 593 997 684 principio
1012 594 1237 686 explanantis.

203 719 383 812 Postquam
400 739 458 787 cus
469 716 640 786 damnavit
650 716 772 806 quibus
783 713 862 784 nihii
876 713 1039 799 abditum,
1053 718 1153 808 etqui
1167 737 1238 787 om·

202 841 257 909 nia
273 868 290 902 u
307 842 341 909 in
357 839 442 910 coeiu
457 847 492 908 et
505 835 637 908 interra
653 867 685 919 ι,
704 864 721 899 α
740 839 772 907 in
785 837 852 906 vita
867 837 1016 907 terrestri
1031 837 1175 928 atquein
1190 839 1239 910 at·

202 971 272 1032 tera
286 991 320 1047 s,
343 963 428 1032 scire
462 981 499 1029 se
528 961 735 1052 profitentur,
758 961 828 1048 ipse
854 978 919 1028 non
942 958 1070 1030 dubitat
1099 961 1238 1050 primam

202 1084 316 1153 mundi
335 1085 514 1174 originem,
534 1091 635 1173 atque
652 1103 840 1173 supremam
854 1103 921 1174 qua
934 1081 1046 1152 omnia
1059 1083 1142 1152 fiunt
1155 1105 1241 1154 cau·

199 1225 286 1294 sam,
306 1205 366 1274 sibi
384 1205 537 1295 cognitas
550 1204 735 1296 declarare.
757 1203 835 1274 Sive
845 1211 956 1272 autem
974 1223 1051 1292 quae
1064 1187 1120 1272 aiii
1138 1203 1238 1274 aediti-

198 1334 360 1396 caverunt
369 1325 529 1406 destruat,
541 1345 600 1394 seu
611 1325 778 1394 aedidcare
792 1330 898 1407 tentet
911 1341 991 1414 quae
1003 1323 1046 1392 ab
1056 1323 1239 1396 attiniaci!-

200 1447 281 1518 iimc
290 1447 520 1534 destruantur,
534 1451 756 1516 testaturesse
767 1445 901 1514 modum
910 1444 1068 1514 humanae
1075 1446 1238 1531 scientiae,

198 1577 378 1659 certosque
396 1571 481 1638 tinas
791 1578 794 1586 '

278 1759 355 1830 Quos
368 1764 438 1819 ultra
453 1763 574 1835 citraque
584 1763 680 1834 nequit
694 1761 844 1819 consistere
858 1779 965 1822 acrum.

249 1953 403 2025 Primum
422 1962 508 2023 rcctc
532 1951 612 2023 dicit
636 1933 804 2024 Lucretius
822 1953 864 2024 cd
886 1943 1238 2048 teneraetenerae

198 2085 378 2149 etcoeteree
390 2063 445 2147 ree
459 2073 631 2161 miscente,
645 2075 754 2146 omnia
768 2075 858 2147 mela
869 2064 1163 2148 oriri—Primum
1181 2101 1238 2150 re·-

200 2197 537 2288 caesenatenses
563 2217 643 2288 erga
655 2197 764 2266 Deum
784 2197 914 2288 pietatis
938 2208 971 2268 et
988 2208 1088 2270 rectae
1106 2176 1239 2270 moratis

153 2305 156 2309 ¹
199 2321 381 2410 disciptinae
403 2321 579 2409 patronum
599 2339 673 2389 sese
690 2309 952 2408 tertineretius,
969 2322 1048 2390 dum
1064 2323 1104 2391 iis
1116 2299 1238 2392 adverss

198 2451 291 2511 satur
303 2419 373 2532 qui,
390 2441 539 2510 omnium
554 2462 665 2510 rerum
680 2441 800 2530 ignari,
818 2443 1172 2538 dctanuminacoiunt,
1186 2453 1238 2512 at·

197 2583 263 2653 que
290 2562 381 2632 stulti
415 2581 592 2653 perversos
621 2581 728 2630 mures
754 2561 1012 2652 amplectuntur.
1043 2561 1071 2631 0
1098 2564 1237 2633 miseras

198 2683 369 2752 hominum
394 2689 546 2765 mentes,
565 2683 686 2752 iterum
710 2691 812 2773 atque
830 2683 947 2752 iterum
971 2683 1072 2768 dicit,
1093 2706 1177 2775 quus
1201 2686 1236 2755 iu

197 2803 340 2874 tenebris
364 2804 552 2892 pavitantes
580 2803 691 2872 omnia
718 2803 853 2873 turbant
876 2803 1125 2894 ct'deeipiunt‚
1149 2826 1234 2895 quos

198 2925 281 2994 ratio
304 2924 375 2994 sota
392 2923 433 2994 ad
460 2925 543 2994 bene
566 2921 729 3014 beateque
752 2923 933 2993 vivendum
955 2923 1080 2994 ducere
1099 2927 1233 3016 posset!

198 3048 282 3116 itum
304 3055 420 3137 putant
443 3046 532 3116 scire'
556 3045 643 3142 quud
660 3037 848 3134 ignorant,
862 3045 975 3114 omnia
991 3065 1066 3136 quae
1087 3047 1170 3116 iiunt
1192 3050 1235 3118 ad

198 3166 1234 3260 Deumignotumreseruntouotcausaeeoslatent,quutevcn·

198 3301 251 3360 tus
261 3291 301 3360 iis
314 3290 495 3380 perniciem
515 3287 695 3368 minantur,
711 3296 758 3388 tut
773 3289 1020 3380 horrentatque
1035 3299 1236 3360 venerantur

197 3411 292 3496 deos,
318 3411 460 3480 diversis
478 3407 665 3510 nominibus
687 3409 873 3480 distinctus.
894 3409 979 3494 Quid
998 3419 1110 3480 autem
1127 3399 1233 3482 iteum

198 3541 333 3617 vocant,
359 3533 422 3602 uisi
439 3533 550 3602 nescio
572 3533 651 3622 quid
668 3513 845 3612 infinitum,
870 3534 960 3603 omni
978 3533 1052 3623 lege
1070 3509 1228 3622 solutum,

199 3655 289 3724 uuila
304 3641 487 3739 vuluntate,
509 3653 599 3724 nnita
613 3641 716 3724 'torma
730 3653 936 3738 distinctum,
957 3653 1046 3745 quod
1062 3676 1141 3726 veru
1157 3676 1231 3726 cm·

196 3777 251 3845 nia
264 3787 296 3847 et
316 3778 400 3848 veile
416 3787 451 3848 et
463 3779 588 3866 iacere,
603 3787 700 3869 prout
711 3777 859 3858 libuerit,
874 3798 970 3868 aequc
982 3779 1118 3867 potest‘t
1139 3765 1235 3861 Quod

197 3906 311 3966 autem
331 3897 466 3969 deorum
484 3899 660 3971 discrimen
677 3901 825 3983 iaciunt,
844 3903 933 3992 apud
951 3922 1035 3992 qrrus
1047 3921 1166 3969 omnes
1179 3921 1237 3969 ea·

197 4019 276 4089 dem
291 4021 402 4092 divina
419 4013 688 4126 omnipotentia?
703 4023 786 4107 Quae
804 4043 843 4092 ea
858 4023 1008 4093 absoluta
1026 4031 1158 4104 natura,
1174 4021 1242 4117 diis

200 4135 359 4214 omnibus
382 4147 570 4215 cummunis
589 4156 623 4216 et
637 4145 778 4236 singuiis
797 4145 942 4236 propria,
958 4145 1020 4215 nisi
1041 4143 1131 4238 quod
1146 4143 1237 4213 cutio
