3086 5068
744 439 905 496 ..58-

302 566 366 637 bus
378 565 554 650 miscetur5
568 565 723 636 mundus.
741 566 1065 659 Nequidquam‘quae
1078 565 1280 640 confundere
1294 572 1345 641 vi·

304 709 363 760 sus
376 696 448 758 eret
466 685 670 778 distinguere
691 663 813 760 iterum
828 696 986 770 coneturr
1007 687 1066 759 sed
1090 689 1213 780 quibus
1230 690 1264 761 in
1288 701 1346 764 te-

303 808 437 902 nebris,
462 810 538 903 quis
562 809 661 881 nutlae
683 810 855 883 densiores
872 811 1056 902 excogitari
1083 822 1240 902 possunt,
1266 814 1345 905 quis

303 933 439 1007 omniun
457 933 576 1004 obruta
591 953 686 1003 mens
701 944 736 1005 et
752 934 818 1006 vite
831 933 987 1006 humenae
1000 916 1228 1025 sepeliuntur!

353 1058 470 1148 ltaque
490 1054 632 1126 Lucretii
646 1055 815 1142 donnino,
830 1077 914 1148 quos
928 1057 1080 1127 voluerat
1090 1055 1345 1141 soientinnrmn-

304 1187 356 1250 tos
365 1178 629 1270 atqueomnibus
641 1178 784 1249 miseriis
793 1178 963 1265 liberatos
973 1177 1128 1248 homines
1139 1177 1172 1248 in
1182 1199 1344 1269 magnum

304 1301 347 1372 de
361 1300 452 1372 omni
467 1322 502 1372 ro
513 1299 687 1371 dubitandi
701 1308 735 1372 ot
752 1301 963 1394 semetipsos
980 1300 1142 1392 perdendi
1158 1300 1344 1392 perieulum

303 1421 444 1494 inducit.
468 1421 597 1516 Nempe
612 1441 686 1509 eos,
703 1422 840 1514 pulchre
861 1443 920 1514 spe
943 1421 984 1492 ed
1010 1430 1136 1492 rentem
1152 1420 1345 1515 clerumque
1399 1425 1401 1430 ’

304 1525 394 1611 riam
408 1539 564 1623 allectos
590 1540 616 1610 si
637 1540 769 1632 longius
786 1541 835 1610 ire
854 1560 921 1612 nou
944 1539 1117 1627 dubitent,
1136 1540 1171 1610 in
1185 1539 1345 1616 onsouos

307 1674 342 1736 et
361 1663 505 1734 infinitas
520 1663 675 1754 regiones
689 1670 868 1756 penetrare
886 1663 994 1756 jubet,
1019 1661 1075 1734 ubi
1093 1671 1257 1736 oeternum
1277 1662 1344 1734 nvii

306 1795 431 1871 errent,
450 1784 579 1858 similes
596 1786 637 1857 iis
652 1787 848 1878 corporibus
859 1807 935 1878 quae
957 1807 1126 1878 magnum,

685 2013 687 2016 .
763 1958 1065 2032 perinenerngontur‚
1138 1963 1142 1968 ”

388 2059 521 2120 Consiliis
533 2077 623 2120 rerum
637 2079 699 2136 quoe
712 2072 776 2122 sunt
788 2063 900 2134 reiecto,
914 2078 967 2119 nee
979 2077 1096 2135 usquam

388 2163 554 2224 consociere
567 2168 650 2226 etiem
662 2177 754 2227 motus
769 2178 884 2242 potuere
900 2178 1012 2242 recepte
1023 2162 1085 2244 (i).

352 2391 401 2472 (t)
415 2393 518 2470 u.,11,
533 2392 680 2453 roe-uo.
