3086 5068
751 469 787 482 -
812 438 849 494 50
870 467 910 480 .-

306 590 370 660 que
390 568 570 638 vivendum
591 569 711 639 melius
724 577 866 638 utamur.
886 563 980 648 Quod
996 559 1153 656 paulatim
1171 563 1261 636 lenta
1275 564 1341 636 oh-

305 691 508 774 servatione,
526 692 626 781 longa
641 689 852 780 indagatione
870 695 905 759 et
920 686 1020 756 molta
1038 706 1147 756 rerum
1166 690 1344 777 experien-

306 813 351 882 tia
368 811 540 883 discimus.
562 812 654 896 Quod
680 822 730 882 ast
756 831 839 902 opus
855 809 1050 900 multiplex,
1081 827 1146 880 non
1165 807 1263 878 unius
1281 808 1341 878 sed

306 932 485 1004 multarum
500 943 649 1019 aetatum,
666 933 707 1003 ad
721 932 813 1024 quod
829 952 895 1002 non
913 939 1037 1000 temere
1049 930 1344 1018 diversaseognos·

308 1056 404 1126 rendi
423 1057 510 1127 vires
528 1057 727 1128 adhibendae
743 1065 831 1125 sont.

355 1177 586 1269 Nequidquam
602 1179 690 1248 enim
707 1229 716 1266 ,
735 1178 883 1268 cognita,
901 1195 999 1268 quam
1015 1175 1049 1245 in
1063 1175 1132 1245 Deo
1150 1183 1185 1245 et
1199 1176 1232 1245 in
1247 1175 1343 1246 uobis

310 1298 727 1388 eamdemosseputamus‚
747 1299 889 1385 ratione,
907 1297 1146 1388 inexploratum
1161 1315 1272 1367 rerum
1284 1317 1345 1366 na·

308 1429 415 1488 turam
432 1421 612 1508 explanare
636 1429 816 1491 tentemus,
844 1419 930 1490 Nihil
950 1439 1061 1489 rerum
1079 1419 1207 1511 lleique
1227 1419 1342 1489 seien-

307 1545 364 1612 tiae
399 1543 563 1613 lunestius
597 1564 697 1636 quam
725 1544 852 1634 lingere
882 1541 1043 1632 quosdam
1074 1543 1157 1612 sines
1189 1541 1229 1612 ad
1257 1561 1346 1633 quos

308 1665 421 1734 omnia
435 1674 611 1737 acreatore
622 1666 741 1735 luerint
751 1665 864 1735 relata.
880 1665 1007 1757 Quippe
1019 1665 1105 1755 quod
1115 1665 1266 1736 soteotiae
1276 1683 1344 1734 uon

308 1787 551 1878 adjumentum,
565 1788 623 1858 sad
640 1788 915 1877 impedimentum
929 1787 984 1857 sil.
1000 1787 1081 1858 Sunt
1097 1787 1187 1857 onim
1199 1806 1252 1857 rea
1264 1787 1346 1856 solae

309 1929 389 1999 quae
409 1931 528 1980 causas
544 1910 723 1995 sulfioiuot,
743 1919 843 1999 atque
861 1928 977 1980 oausae
998 1929 1132 1994 omnm,
1148 1928 1226 2000 quae
1243 1907 1346 1978 rebus

309 2040 550 2113 monstrantur,
573 2053 750 2124 nonaeque
767 2035 883 2102 rationi
897 2032 1218 2124 approbariqueant.
1236 2031 1344 2114 Quam

310 2155 414 2223 multa
429 2155 583 2224 eveniunt
598 2175 673 2244 quae
688 2175 753 2224 uon
766 2155 806 2224 ad
826 2173 936 2223 mores
950 2153 1184 2243 pertinent‚et
1197 2171 1274 2245 quae
1286 2151 1345 2222 ah·

310 2276 405 2353 surda
421 2277 611 2360 videa-ntur,
628 2276 656 2345 si
673 2276 760 2346 nulla
773 2277 815 2346 sit
827 2277 892 2347 alia
907 2277 963 2346 lex
977 2295 1077 2367 quam
1100 2295 1176 2367 quae
1193 2275 1279 2367 regit
1299 2277 1344 2345 vi·

313 2406 383 2466 tam
409 2397 603 2466 humanam!
626 2397 731 2486 Igitur
751 2398 1016 2469 concludendum
1031 2408 1084 2468 est
1105 2397 1195 2468 aliud
1221 2396 1345 2488 prinoi-

311 2519 415 2608 piom‚
436 2539 537 2610 quam
555 2521 641 2610 quod
663 2520 759 2590 nobis
773 2521 946 2612 praesidet,
964 2521 1062 2589 rebus
1079 2519 1276 2611 praesidere;
1293 2528 1343 2602 el,

310 2643 587 2732 queamdmodum
598 2643 701 2712 Deum
720 2663 783 2714 nou
799 2644 974 2712 oumomni
987 2664 1036 2724 re,
1052 2663 1130 2733 quae
1143 2652 1193 2712 est
1207 2641 1345 2712 rationis

307 2784 447 2852 orpora
460 2764 707 2850 contundimus,
723 2767 842 2835 itanoo
855 2766 919 2835 dioi
937 2785 1048 2854 posse,
1063 2765 1245 2836 seeundum
1256 2764 1345 2836 hano

310 2885 489 2972 rationem,
511 2903 608 2976 quam
637 2887 668 2954 io
696 2895 807 2954 nostra
835 2897 945 2956 mente
971 2887 1199 2979 cognitam-ad
1228 2882 1340 2958 ileum

312 3005 552 3092 transferimus,
571 3007 682 3076 omuia
695 3008 780 3076 heri.

361 3126 447 3198 Sunt
461 3129 574 3218 igitur,
593 3139 629 3197 ut
641 3129 729 3198 Boeo
743 3130 844 3213 dixit,
862 3151 971 3202 oausae
983 3133 1096 3204 finales
1110 3133 1230 3224 virgini
1245 3133 1344 3202 simi-

310 3254 360 3321 los
372 3273 538 3344 nunquam
548 3249 712 3343 parituria.
728 3254 967 3328 lmoneomnia
982 3257 1342 3329 misoeaottimendum

311 3377 373 3442 est.
391 3372 474 3456 Quid
496 3373 588 3442 anim
603 3395 781 3444 commune
795 3375 1053 3468 interjustiliam
1078 3373 1347 3472 sapientiamque

311 3493 432 3561 summi
448 3492 596 3562 numinis
614 3503 648 3563 et
669 3493 807 3564 sormam
829 3497 1017 3570 coloremve
1043 3500 1110 3570 ursi
1135 3510 1193 3571 aot
1216 3501 1342 3583 leonia,

311 3634 394 3684 rosae
408 3623 467 3683 aut
481 3612 677 3706 hyacinthi?
693 3614 758 3686 Cur
774 3617 839 3688 siut
860 3630 894 3689 ut
910 3629 987 3688 sunt
1008 3620 1128 3710 plantae
1151 3630 1252 3711 atque
1276 3624 1346 3693 aui·

310 3734 424 3818 malin,
444 3736 606 3805 rationem
622 3739 745 3807 nullam
759 3738 898 3810 reddere
913 3742 1094 3832 possimus.
1110 3743 1197 3827 Quid
1212 3763 1345 3838 quoque

311 3878 486 3928 commune
501 3858 590 3950 inter
604 3859 748 3930 fulminis
767 3863 933 3954 fragorem
949 3873 982 3933 et
1000 3863 1159 3936 humanae
1174 3865 1347 3936 societatis

310 3979 609 4072 gubernationem?
627 3983 697 4052 Non
715 3983 815 4074 igitur
829 3986 916 4056 inter
930 3987 1071 4078 iusignia
1089 3988 1161 4073 Dei,
1179 3987 1236 4080 qui
1256 3997 1346 4059 totus

309 4102 463 4190 redueat,
477 4104 599 4175 fulmen
612 4106 876 4198 relinquendum.
893 4109 1344 4201 Physioasoientiaamorum
