3086 5068
723 467 759 482 ..
781 437 819 496 pp
841 467 881 482 ...

279 591 352 655 sus,
379 567 561 660 proclamat
589 566 776 654 lucretius,
801 587 863 637 nos
881 575 1010 637 tantum
1028 564 1226 636 admonete
1254 585 1319 657 qna

282 688 458 762 altitudine
473 687 545 778 ipsc
562 685 604 755 sit
619 706 771 756 casurus.
839 707 841 712 ·

329 809 413 895 Quia
429 807 591 900 principio
610 827 686 878 cum
707 809 822 879 stoicis
840 816 1084 895 consenserat,
1107 809 1150 879 ab
1171 809 1212 879 lis
1240 827 1319 878 rnox

284 942 349 1003 tam
372 925 472 1021 lengo
499 930 639 1000 discedit
661 940 698 999 ot
718 932 819 1002 finem
837 931 1023 1024 oppositum
1046 930 1204 1021 attingat,
1234 930 1320 998 Dum

282 1051 394 1134 stoici,
412 1050 545 1121 sibimet
568 1050 647 1140 ipsis
666 1050 866 1134 concordes,
892 1052 1006 1121 dicunt
1026 1050 1105 1121 nihil
1125 1050 1232 1143 majus
1247 1069 1322 1119 esse

285 1173 428 1257 ratione,
453 1171 488 1241 iu
515 1193 555 1242 ea
583 1173 644 1240 sita
668 1193 741 1242 essa
769 1182 914 1242 nostram
933 1171 1018 1258 vim,
1048 1181 1192 1242 nostram
1212 1190 1322 1261 spem,
1415 1223 1420 1238 .

286 1305 505 1384 nostrumque
531 1293 674 1378 bonum,
699 1313 833 1364 omnem
862 1293 1073 1364 miseriarum
1095 1293 1200 1362 linem·
1222 1300 1325 1381 atque

289 1393 366 1488 uitae
387 1415 602 1505 dignitatem,
632 1415 785 1486 humanae
819 1415 1069 1486 communitatis
1092 1415 1229 1506 verique
1246 1431 1325 1482 cum

288 1536 369 1629 ipsis
383 1535 446 1605 diis
460 1537 652 1608 commercii
676 1539 895 1628 principium,
922 1537 1066 1630 denique
1092 1557 1192 1608 unum
1207 1544 1241 1605 et
1264 1534 1328 1604 lit-

291 1680 381 1728 mum
407 1657 575 1735 vinculum
601 1678 667 1750 quo
688 1661 797 1730 omnia
818 1659 947 1743 divina,
968 1659 1119 1744 *numana
1143 1655 1328 1729 terrestria·

292 1801 357 1873 que
373 1779 563 1862 cohaerent,
581 1779 743 1870 Epicurus
761 1789 861 1872 alque
880 1781 1055 1852 Lucretius
1078 1789 1193 1852 contra
1210 1777 1328 1848 dicunt

294 1889 374 1971 nihil
392 1922 465 1970 esse
480 1900 556 1998 lroni
574 1900 761 1984 iuratione,
779 1901 841 1971 nisi
854 1901 940 1994 quod
957 1903 1143 1972 nosdooeat
1157 1901 1278 1991 ipsam,
1295 1907 1333 1968 ut

292 2022 418 2105 omnia,
433 2042 578 2105 exuere,
590 2022 631 2090 ab
646 2023 733 2092 omni
748 2023 921 2094 hominum
936 2027 1110 2110 societate,
1126 2019 1332 2094 abomnibus

295 2147 408 2231 relius,
428 2165 446 2212 a
465 2144 528 2213 diis
546 2155 645 2236 atque
670 2166 689 2214 a
714 2155 822 2216 nostra
849 2156 966 2217 natura
988 2155 1153 2218 aeternum
1170 2162 1332 2234 separan-

296 2265 370 2348 dos,
388 2277 485 2356 atque
501 2286 560 2355 per
578 2267 676 2335 inane
692 2265 825 2336 immota
843 2267 1077 2358 tranquillitate
1096 2274 1129 2338 el
1144 2283 1333 2362 vacuaso·

297 2385 438 2456 litodine
457 2386 717 2477 immergendos.

349 2508 432 2576 Dum
449 2507 542 2577 stoici
562 2528 623 2576 nos
636 2507 753 2598 jubent
769 2509 879 2578 omnia
896 2510 1019 2580 ratione
1037 2486 1193 2600 amplecti
1215 2514 1250 2575 et
1268 2505 1336 2574 rtr-

299 2638 371 2701 tute
387 2629 538 2714 tolerare,
559 2631 787 2720 nosmetipsos
802 2629 834 2700 io
849 2631 915 2701 vita
932 2631 1068 2702 viriliter
1082 2629 1212 2722 agenda
1226 2627 1336 2698 inolu-

300 2752 394 2836 dere‚
413 2759 513 2841 atqua
529 2769 591 2818 uon
604 2747 713 2835 nobis,
732 2751 790 2820 sed
808 2751 938 2822 civibus
954 2761 985 2822 et
1005 2754 1061 2824 toti
1079 2751 1204 2820 mundo
1220 2758 1254 2818 et
1273 2748 1337 2819 diis

302 2871 484 2953 inservire,
502 2891 563 2940 nos
578 2871 718 2941 invitare
734 2870 907 2944 Lucretius
923 2875 1053 2946 videtur
1068 2882 1105 2944 ut
1124 2871 1235 2943 omnia
1257 2891 1338 2942 oon·

303 3002 495 3064 temnamus
508 3001 607 3083 atquc
624 2993 829 3077 omittamus,
856 2997 935 3065 uitae
953 2997 1049 3066 finem
1068 2995 1211 3066 molliter
1231 3003 1265 3062 et
1283 3013 1339 3063 so·

304 3115 365 3186 luti
380 3126 613 3207 expectemus,
630 3115 772 3205 denique
792 3137 901 3208 neque
915 3117 1066 3200 deorum,
1084 3137 1192 3208 oeque
1211 3101 1341 3200 mundi‚'

305 3257 414 3328 neque
431 3257 542 3306 rerum
564 3236 799 3326 lromanarum,
816 3239 875 3308 sed
892 3248 1014 3308 nostrae
1037 3239 1139 3308 solius
1157 3236 1340 3328 voluptatis

305 3363 523 3452 utilitatisque
547 3372 736 3452 respectum
764 3363 962 3434 habeamus.
991 3365 1131 3455 Nempe,
1164 3370 1342 3454 postquam

307 3482 461 3554 scientiae
479 3490 513 3552 ct
529 3480 692 3552 felicitatis
711 3483 834 3554 sontem
851 3484 989 3554 dixerat
1007 3484 1165 3576 physicas
1182 3481 1345 3555 scientias

309 3629 329 3676 a
345 3603 526 3676 moralibus
545 3604 699 3697 sejungi,
725 3614 827 3697 atque
845 3627 955 3676 rerum
976 3606 1101 3698 lteique
1119 3615 1271 3675 naturam
1291 3623 1345 3672 se·

307 3728 447 3822 paratim
471 3727 646 3818 cognosci,
669 3727 740 3818 ipsa
765 3728 909 3800 morales
929 3728 1085 3800 scientias
1109 3726 1256 3820 physicis
1280 3725 1348 3794 im·

308 3869 436 3920 mersas
462 3849 595 3920 omnino
626 3848 755 3940 perdit,
790 3871 918 3941 nosque
945 3850 978 3920 ia
1009 3851 1164 3942 regiones
1190 3857 1350 3919 externas

310 3971 513 4063 praecipitat,
543 3973 666 4043 rationo
693 3972 868 4044 destitutos
893 3953 994 4071 atque
1028 3996 1048 4044 a
1077 3972 1240 4043 nobismet
1263 3967 1345 4060 ipsis

311 4093 447 4167 alienos.
1159 4107 1162 4110 ·
