3086 5068
649 463 807 524 ²23*

205 615 321 668 aarum
338 603 614 687 quaescquuntur
629 595 813 666 aduentum
835 595 1044 666 evanuerint.
1074 594 1117 666 Ut
1140 591 1238 688 igitur

205 724 314 788 rerum
333 717 480 808 cognitio
493 718 562 801 fiat,
578 737 644 786 non
657 717 771 804 nobis,
795 738 861 788 non
882 725 994 788 nostra
1014 719 1142 789 rationu
1155 739 1239 811 opus

203 861 279 910 casa
296 839 439 926 vidntur,
455 840 514 911 sed
533 849 663 910 tantum
678 848 713 910 et
726 858 864 910 numero
878 849 913 911 ct
930 849 1021 912 motu
1039 841 1240 912 simulacro*

118 999 120 1004 ·
203 983 290 1032 rum.
308 963 457 1054 Denique
474 963 610 1034 definire
623 964 730 1056 possis
746 963 972 1054 cognitionem
986 963 1109 1055 aliquid
1123 984 1239 1054 corpo·

202 1105 298 1154 reum
315 1083 564 1155 simulacrorum
581 1069 744 1156 concursu
761 1094 885 1156 ortum.

251 1205 332 1289 Quae
350 1203 464 1276 autam
477 1204 624 1276 deumuo
647 1212 788 1276 testatur
806 1206 886 1276 nihii
905 1213 980 1278 csse
996 1208 1029 1277 in
1053 1209 1239 1299 cognitione

201 1329 288 1420 quod
316 1348 381 1399 non
407 1328 500 1398 sitin
525 1328 637 1398 rebus.
661 1328 745 1412 Quid
772 1325 861 1399 enim
884 1339 961 1402 sunt
989 1352 1042 1401 rcs
1059 1332 1152 1422 ipsae,
1174 1333 1236 1403 nisi
1344 1307 1349 1312 ⁵

201 1461 534 1543 corporautomorum
546 1471 712 1522 concursu
720 1451 815 1522 orta?
829 1453 943 1523 Nonne
954 1454 1108 1524 videmus
1123 1454 1237 1525 omnia

201 1594 277 1666 qurc
299 1583 376 1646 suut
393 1573 542 1645 multisc
567 1575 719 1665 partibus
746 1585 920 1658 constare,
947 1585 1050 1669 atquo
1070 1585 1237 1668 perpetuo

202 1697 351 1770 mutari?
375 1696 462 1767 Nihii
485 1697 626 1788 simple-x
653 1706 688 1767 ct
716 1700 890 1771 immotum
919 1701 953 1769 in
973 1707 1243 1771 rerumoatura.-

200 1818 259 1888 Vis
280 1827 394 1890 autam
419 1817 564 1889 creatrix
591 1822 790 1913 omnigenos
818 1833 928 1894 coetus
952 1822 1119 1893 indefesso
1146 1830 1235 1891 motu

199 1941 347 2033 experiri
363 1942 511 2025 videtur,
532 1945 613 2016 dum
631 1956 742 2038 partes
765 1949 960 2017 innumeras
983 1945 1157 2037 conjungit
1178 1955 1237 2016 aut

203 2065 378 2156 disjungit,
394 2066 638 2138 diversissimas
657 2091 709 2140 res
727 2070 767 2140 ad
783 2071 891 2141 iuccm
907 2071 1047 2139 editura.

250 2187 536 2272 Quemadmodum
554 2201 668 2264 autam
681 2214 735 2264 ros
751 2213 825 2262 csso
840 2213 906 2262 uon
927 2202 1076 2284 possunt,
1095 2190 1156 2261 nisi
1174 2212 1234 2262 cu·

193 2309 314 2402 jusque
332 2310 380 2382 rei
392 2320 504 2403 partes
516 2313 669 2398 coierint,
686 2317 731 2384 ita
742 2336 802 2386 nos
815 2335 883 2384 rom
895 2315 1235 2405 nuliamcognosccrc

128 2455 133 2459 ·
199 2452 396 2524 possumus*
408 2435 470 2504 nisi
490 2436 642 2526 quaedam
658 2437 729 2528 aius
748 2447 859 2527 partes
878 2438 909 2506 iu
929 2436 1134 2506 nobissimul
1149 2455 1239 2505 con--

199 2557 364 2626 venerint.
385 2555 491 2626 Prima
504 2558 662 2649 principia
677 2559 732 2628 vei
749 2539 929 2627 simuiacra
943 2569 1020 2629 amc
1039 2567 1235 2630 moveantur

198 2687 300 2771 atque
319 2681 523 2756 misceantur
546 2704 686 2766 neccsse
712 2691 874 2773 estquam
891 2680 1013 2772 aliquid
1035 2681 1089 2763 sit,
1106 2681 1234 2752 autali-

202 2801 281 2893 quid
304 2823 492 2876 noscamus.
515 2804 628 2898 itaquo
642 2805 706 2875 nuii
724 2805 861 2877 credere
876 2824 945 2872 rem
966 2803 1023 2872 tibi
1045 2803 1231 2894 cognitam,

199 2945 301 3016 quum
320 2925 431 2996 nulius
449 2927 701 2998 simulacrorum
722 2948 904 2998 concursus
928 2926 967 2995 od
992 2935 1023 2995 tc
1042 2925 1146 2994 iactus
1167 2930 1233 2995 ast,

199 3052 416 3137 otmundum,
433 3074 536 3144 quum
549 3053 661 3123 nullus
679 3053 913 3144 principiorum
929 3059 1039 3122 motus
1052 3049 1232 3138 nudusque

200 3192 420 3262 congressus,
450 3173 519 3244 imo
541 3195 642 3266 quum
671 3173 760 3244 mdia
787 3173 948 3266 principia
980 3180 1096 3251 crant,
1124 3171 1236 3260 jama

200 3291 264 3364 dits
278 3303 476 3386 conceptum
492 3292 558 3390 (1).
622 3337 623 3346 κ

255 3414 375 3506 Saudo
393 3417 503 3504 uobis,
515 3441 574 3490 scu
586 3419 906 3510 domuudoagotur,
919 3418 1090 3488 fatendum
1106 3424 1158 3485 est
1169 3436 1243 3485 non·

207 3536 340 3628 praue,
360 3538 418 3609 scd
431 3541 526 3632 sequi
545 3541 723 3634 rationem.
740 3541 889 3611 Rescam
900 3540 1086 3623 informant,
1100 3560 1164 3608 non
1181 3538 1238 3607 iiia

206 3678 271 3729 res.
292 3659 382 3729 lilius
395 3661 499 3752 igitur
511 3662 647 3734 interest
662 3683 728 3732 nun
742 3663 922 3742 dominam,
942 3661 1001 3731 scd
1013 3680 1161 3740 servam,
1172 3679 1238 3729 non

207 3781 404 3872 principium
421 3804 636 3877 causamque,
657 3786 716 3856 scd
733 3785 890 3855 eiiectum
913 3792 1016 3875 atquc
1029 3799 1238 3872 consequen·

205 3901 285 3974 tiam
299 3907 447 3996 agnosci.
467 3907 543 3977 Haec
557 3918 607 3979 cst
622 3906 690 3977 ucri
703 3907 844 3998 bonique
857 3905 1014 3977 conditio.

242 4169 408 4249 (oram,
426 4171 572 4230 raa-rar.
