3086 5068
634 525 672 559 ·...
694 515 711 574 9
735 547 773 559 ..-

184 654 241 718 aut
259 626 479 718 reformidant
494 663 589 736 mque
604 639 834 732 abhorrentes,
851 641 1013 714 infelicem
1026 643 1127 714 vitam
1146 629 1217 738 ¹siria

185 767 473 862 mmmm
691 749 695 755 ’

232 891 311 962 Post
320 901 460 962 mortem
475 890 556 962 deos
569 899 801 983 expavescunt
812 889 953 984 judices,
964 891 1083 986 quibus
1097 891 1174 961 vitre
1186 889 1218 961 in

185 1012 283 1085 terris
295 1021 380 1084 actae
402 1014 563 1084 rationem
581 1014 719 1086 reddere
731 1015 887 1098 debeant,
904 1014 1105 1107 quibusque,
1121 1032 1219 1105 quem

185 1135 311 1207 suimet
325 1136 471 1228 ipsorum
484 1157 599 1208 curam
617 1136 808 1226 habuerint,
823 1158 891 1209 non
908 1137 1005 1208 lncile
1020 1137 1217 1230 approbent.

84 1347 87 1354 Ι
150 1323 153 1328 ,
185 1257 325 1346 Saltem,
349 1255 428 1327 dum
446 1277 507 1328 sna
521 1255 727 1329 humanitate
746 1259 842 1349 qnasi
860 1255 1098 1328 circumvallati
1112 1262 1219 1338 erant,

188 1385 275 1456 intra
290 1402 348 1452 eos
362 1391 396 1453 et
407 1381 488 1453 deos
498 1382 711 1452 intervalium
727 1381 860 1474 aliquod
879 1403 954 1453 esse
968 1380 1069 1452 caecis
1086 1377 1223 1448 rideba-

190 1497 1223 1596 turonumvero,postmortem,terreslrlnaturaexulictnudi

190 1637 270 1699 ente
282 1626 560 1710 Ileosvocantur,
573 1627 665 1720 quasi
679 1626 790 1697 subito
805 1627 952 1718 ipsorum
972 1623 1058 1696 oculi
1075 1621 1230 1714 aperiam·

191 1757 260 1833 tur,
272 1769 308 1818 se
320 1748 362 1818 iis
376 1747 513 1818 omnino
526 1745 829 1819 obnoxiosvidenl.
846 1747 939 1817 Tunc
952 1746 1090 1817 deornm
1101 1743 1226 1834 ignolae

192 1871 373 1942 voluntatis
390 1869 493 1961 major
503 1891 585 1941 curn
599 1891 713 1941 eorum
729 1871 877 1942 animum
894 1867 1021 1939 invadit
1034 1876 1135 1959 alque
1149 1885 1228 1936 cru·

193 1989 357 2062 emtam
372 1989 451 2060 nibil
463 1990 493 2060 ei
506 1988 629 2061 dirinae
641 1991 709 2080 legi
723 1991 1008 2084 anteponendum,
1019 1988 1086 2080 jam
1096 2003 1229 2080 qnoque

194 2113 275 2184 nibil
290 2113 551 2205 amplinsproen
561 2111 1036 2204 exsequendelaeiendum.ln
1050 2110 1116 2181 hac
1126 2107 1229 2200 igilur

194 2237 300 2308 altera
315 2237 385 2308 vita
395 2237 481 2308 'sola
492 2245 675 2329 supersunt
693 2247 727 2308 et
739 2237 786 2308 ira
798 2238 935 2309 deorum
949 2245 983 2308 et
994 2253 1094 2330 poena
1107 2241 1229 2304 aelerua

195 2358 389 2429 subeundae.
1234 2367 1236 2372 '

178 2479 186 2489 '
245 2479 337 2552 Tunc
351 2489 441 2553 metu
461 2481 624 2552 immenso
644 2484 791 2554 maxime
812 2482 995 2554 horrendas
1019 2481 1231 2551 ministrante

196 2600 383 2695 imagines,
419 2603 516 2674 nobis
542 2603 701 2696 fingimus
726 2606 811 2675 Deos
834 2605 985 2676 inaudita
1004 2605 1250 2694 excogitantes

197 2725 735 2818 supplicianatnraenostraequam
749 2725 896 2797 maxime
907 2723 1143 2818 repugnantia,
1157 2741 1233 2815 quae

198 2869 305 2941 usque
319 2870 521 2944 novansque
535 2861 750 2922 renascentes
759 2873 820 2922 nos
832 2851 867 2922 in
882 2849 1029 2922 tenebris
1041 2856 1230 2942 torqueant.

249 2971 309 3044 llic
326 2974 428 3064 igitur
445 2994 520 3044 esse
539 2972 671 3044 videtur
686 2974 812 3045 fructus
825 2974 1013 3066 religionis,
1027 2973 1062 3044 id
1076 2982 1129 3044 est
1145 2972 1232 3043 doc-

200 3094 293 3166 trinae
321 3116 398 3188 quae
422 3094 503 3167 deos
525 3095 640 3167 mundi
661 3105 829 3167 creatores
855 3105 957 3189 alque
983 3097 1134 3166 omnium
1159 3113 1234 3187 qnae

201 3217 283 3288 liunt
295 3227 449 3290 auctores
469 3219 610 3311 inducit,
629 3230 684 3305 ut,
706 3219 868 3312 quidquid
894 3219 945 3289 bis
958 3220 990 3288 in
1007 3219 1102 3288 terris
1117 3217 1233 3288 horre·

201 3360 277 3410 mus
291 3340 536 3433 iisreierenles,
554 3343 633 3414 nibil
652 3343 760 3434 magis
775 3363 873 3434 quam
889 3341 962 3424 loca
980 3325 1118 3412 deorum
1136 3341 1235 3432 plena

201 3461 467 3550 reformidemus,
482 3463 635 3558 atqueibi
646 3486 721 3537 esse
733 3465 889 3536 malimus
904 3464 958 3535 ubi
970 3463 1145 3535 cosmiana
1159 3483 1233 3533 esse

202 3608 304 3680 quem
320 3583 378 3660 ubi
393 3609 451 3660 eos
466 3591 575 3684 magis
586 3592 712 3662 versari
728 3600 898 3683 putamus;
916 3599 951 3660 ul
967 3589 1047 3660 dans
1060 3588 1153 3680 quasi
1168 3567 1238 3656 mi-

202 3709 432 3784 seriisnoslris
448 3712 598 3784 laelantes
612 3712 737 3783 invisos
751 3711 952 3793 babeamus;
969 3710 1113 3801 denique
1132 3717 1167 3779 ul
1185 3709 1237 3777 vi-

203 3843 270 3906 tam
290 3841 481 3906 terrestrem
497 3833 874 3907 tantummodnhorrore
891 3834 1051 3923 deorum,
1071 3831 1166 3926 quasi
1181 3832 1240 3902 eli·

205 3977 303 4049 quam
316 3957 437 4029 lunesti
454 3958 493 4029 ad
511 3980 569 4030 eos
585 3957 711 4030 reditus
726 3978 867 4041 moram,
885 3957 1152 4049 amplectamur,
1172 3955 1241 4029 de-

190 4089 379 4178 ¹sperantes
390 4089 492 4174 atque
511 4081 626 4153 insana
637 4080 770 4151 vivendi
784 4080 941 4170 cupidine
962 4078 1059 4150 ebrii.
1139 4117 1143 4122 ·

247 4203 353 4290 Quam
371 4215 485 4277 contra
497 4205 690 4298 religionem
706 4212 792 4277 lotas
807 4204 907 4276 aninri
926 4204 975 4276 sui
995 4203 1084 4275 vires
1101 4201 1243 4274 intendit
