3086 5068
192 705 195 712 .
317 645 553 719 dominationis
575 643 670 736 cujus
686 661 805 714 servus
825 663 880 728 es,
904 651 937 712 et
956 640 1007 710 cui
1028 637 1108 710 uihii
1133 625 1184 723 te,
1205 659 1248 740 ne
1265 657 1358 710 ιιιιιιι

317 770 465 862 quidem,
481 766 677 838 subtrahere
692 773 845 859 potest...

402 1011 463 1029 .....
480 967 563 1044 Nam,
577 969 601 1026 si
614 978 716 1026 eertum
730 967 813 1026 tinem
824 982 886 1024 esse
898 967 1026 1026 viderant

398 1071 594 1133 AErumnarunr
603 1074 741 1148 homines,
753 1073 846 1147 aliqua
858 1073 963 1132 ratione
972 1073 1097 1132 ualerent

401 1177 605 1254 Belligionibus
618 1187 700 1251 atque
713 1177 796 1234 minis
808 1178 943 1235 obsistere
953 1186 1044 1237 ratum
1058 1193 1065 1234 :

400 1281 480 1341 Nune
493 1283 562 1341 ratio
575 1283 651 1340 nulla
660 1292 701 1339 est
711 1283 849 1351 restandi,
865 1282 940 1339 nulia
952 1281 1085 1348 facultas,

256 1449 260 1456 ,
329 1403 333 1413 ’
399 1385 530 1445 AEternao
542 1387 672 1461 qnoniam
687 1401 783 1459 poenas
793 1387 819 1442 in
836 1396 923 1443 morte
935 1385 1087 1444 timendum
1103 1379 1165 1464 (t).

369 1565 428 1636 Est
450 1564 552 1654 igitur
580 1583 719 1635 neeesse
748 1563 886 1634 deorum
918 1563 1026 1634 timori
1050 1565 1146 1636 timor
1179 1561 1358 1646 interorum

323 1685 475 1756 accedat.
492 1683 600 1768 Quum
613 1704 667 1768 ea,
680 1704 778 1776 quarn
792 1685 842 1774 hia
852 1684 885 1754 in
897 1683 993 1755 terris
1003 1683 1099 1755 vivus
1113 1683 1274 1768 duxeris,
1288 1684 1359 1756 vita

321 1827 387 1878 non
407 1814 461 1877 tua
476 1805 594 1888 fuerit,
612 1805 715 1876 vitam
729 1806 864 1908 pariter,
882 1825 957 1897 quae
973 1813 1031 1876 tua
1045 1826 1111 1876 nou
1136 1805 1243 1876 futura
1261 1805 1358 1877 vite·

323 1938 389 2014 tur,
405 1927 481 1998 alibi
498 1936 650 2000 mortuus
665 1926 783 2013 donea,
801 1929 952 2015 incertis,
968 1948 1052 2019 quos
1065 1927 1131 1998 diis
1145 1927 1266 2020 jubere
1290 1926 1361 2020 pin·

323 2055 450 2142 cuerit,
470 2052 601 2124 casibus
615 2060 777 2122 aeteruum
796 2051 975 2123 ludibrium
989 2049 1143 2122 traditus.

372 2175 444 2260 Qua
469 2196 550 2245 vern
574 2174 677 2244 animi
709 2173 942 2266 tranquillitate
971 2193 1122 2264 unquam
1146 2172 1270 2244 fruatur
1288 2171 1371 2266 qui

324 2319 434 2387 neque
449 2299 481 2366 iu
494 2317 531 2367 se
546 2295 634 2387 ipso,
652 2317 763 2388 neque
773 2295 859 2388 apud
873 2295 966 2376 deos,
986 2295 1193 2368 miseriarum
1209 2295 1361 2388 requiem

324 2439 459 2511 sperare
473 2426 590 2510 queat,
608 2416 663 2510 qui
680 2429 793 2489 autern
809 2428 914 2488 seruet
927 2418 1037 2509 ipsum
1051 2416 1182 2508 ignoret
1195 2424 1230 2488 et
1243 2415 1360 2508 fugiat,

326 2541 472 2632 deosque
486 2538 677 2610 reformidet
689 2539 820 2610 invidos
834 2549 867 2609 et
880 2539 984 2610 iratos
996 2538 1131 2612 eoadem
1152 2549 1185 2609 et
1203 2548 1358 2622 aeternos.

326 2662 551 2748 Quantumvis
563 2661 763 2734 imbecillam
774 2662 939 2734 suamsibi
951 2670 1106 2734 naturam
1125 2663 1242 2753 iiugat,
1256 2663 1363 2734 iuter·

327 2781 1364 2882 dumeamessealiquidnonomuinnnegarepotest;etquattu-

327 2909 379 2978 vis
402 2916 548 2998 nequeat
570 2904 682 2977 dicere
696 2929 795 3000 quem
809 2909 849 2979 ad
863 2909 963 2982 truern
981 2909 1113 2993 tendat,
1135 2918 1228 3000 putat
1251 2918 1361 2980 tamen

328 3037 497 3098 creatores
509 3027 589 3098 deos
599 3028 662 3099 sibi
673 3029 1179 3122 propositumquemdnrntinem
1192 3029 1362 3114 habuisse,

329 3150 522 3242 hominique
546 3149 747 3242 imposuisse
770 3149 1019 3242 attingendum.
1049 3151 1103 3222 Sie
1118 3151 1211 3222 inscii
1235 3171 1301 3242 quo
1322 3151 1366 3221 ait

330 3271 490 3358 eundum,
502 3280 536 3341 et
548 3293 614 3364 qun
628 3273 722 3344 viaet
733 3293 799 3364 qua
812 3275 971 3344 artevitan
983 3280 1095 3364 partes
1106 3271 1294 3364 explenda,
1310 3292 1368 3344 ve·

328 3393 422 3464 tutin
438 3393 586 3463 tenebris
603 3388 828 3489 pavidi(2)et
846 3393 922 3486 vagi
940 3401 1070 3483 errant,
1091 3414 1176 3485 quos
1196 3394 1229 3464 iu
1246 3414 1367 3466 omues

241 3521 246 3526 ’
330 3521 442 3604 partes
461 3513 647 3604 desperatio
668 3513 857 3605 praecipites
876 3523 967 3606 ngat.
993 3513 1146 3607 Denique
1167 3514 1315 3607 supplice
1334 3522 1367 3586 et

330 3634 642 3707 tremebundavnce
656 3656 741 3728 quos
752 3636 1193 3730 uesaiuutiurpiornntdeos‚
1213 3637 1271 3730 qui
1287 3637 1370 3728 ipsis

332 3760 421 3825 uiam
437 3765 630 3828 monstrent.
649 3758 703 3829 Sic
715 3757 756 3828 ab
769 3758 877 3830 alieno
891 3757 1017 3830 auxilio
1030 3760 1084 3830 eui
1099 3758 1186 3830 mara
1198 3757 1370 3830 confidunt

331 3883 505 3972 suspensi,
521 3902 540 3951 a
556 3891 719 3971 praesente
733 3879 910 3974 suturaque
924 3889 1013 3952 sorte
1027 3903 1128 3974 quarn
1147 3901 1239 3974 aegre
1256 3882 1369 3952 terunt

372 4108 421 4190 (t)
436 4111 492 4182 tt„
507 4127 530 4182 ι,
545 4109 687 4171 toa-tta.

371 4213 421 4296 (.)
439 4215 495 4288 tit,
510 4233 544 4289 ιι,
558 4219 613 4289 57;
630 4233 679 4289 ιιι,
701 4217 757 4290 9ος
773 4233 817 4290 ιιι,
832 4219 881 4278 38.
