3086 5068
656 513 693 528 ...
718 485 753 542 13
778 513 813 526 ...

209 635 286 685 nem
300 609 440 683 irridere
464 610 582 700 poterit
596 612 623 681 is
637 612 693 704 qui
709 610 750 682 ab
762 633 799 682 se
814 582 1086 703 rejeceritomnia
1106 633 1181 706 quae
1200 613 1245 684 tt÷

210 737 276 806 tem
298 733 474 806 admittere
497 742 633 826 possunt
635 783 711 804 .....
738 733 815 805 Haee
840 734 1008 826 eogitandi
1027 736 1132 818 ratio,
1158 743 1195 806 ut
1212 744 1248 806 et

209 857 391 932 adversarii
409 855 624 939 cunctatum,
644 856 796 927 immutat
813 858 942 950 eosqui
962 857 1033 929 haee
1055 869 1171 934 mente
1187 880 1245 930 re·.

210 981 363 1067 vetvunt,
383 979 474 1076 ipsos
487 979 588 1048 etiam
600 980 658 1070 qui
672 980 902 1070 superstitioso
921 990 1011 1052 metu
1032 980 1122 1070 prius
1136 981 1248 1074 agita·

211 1103 374 1174 hunturin
393 1102 543 1193 agendo,
563 1103 700 1194 quique,
713 1105 741 1173 si
759 1103 1016 1194 quid-audacter
1028 1102 1246 1199 (tiegerint,

210 1247 306 1296 suum
325 1213 447 1296 deinde
459 1234 638 1318 sequentes
647 1226 815 1316 cogitandi
827 1227 1000 1306 rationem,
1016 1227 1246 1298 actionumre·

211 1347 464 1420 tractationibus
478 1348 918 1441 timoribusqoecohibentur
931 1345 1011 1446 (2);
1032 1349 1248 1442 quemadmo-

211 1471 290 1542 dum
306 1479 339 1541 et
353 1488 429 1539 eom
448 1468 566 1542 fecisse
578 1471 639 1562 qui
654 1479 843 1562 serpentem
857 1470 977 1543 occidit
989 1472 1020 1541 in
1036 1470 1159 1562 tempto
1171 1491 1247 1545 nan

212 1600 287 1663 rent
309 1613 316 1662 :
339 1613 440 1684 quum
468 1593 498 1664 ei
521 1593 634 1664 neseio
655 1592 734 1685 quid
764 1594 944 1665 adversum
967 1593 1150 1664 ⁴trueidisset
1175 1603 1249 1683 poat

212 1714 299 1802 haee,
318 1716 411 1786 eatoe
431 1714 556 1786 dimisit
574 1733 713 1806 parvum
729 1725 936 1808 serpentem,
958 1735 1057 1808 quem
1076 1709 1249 1786 ferentin}

212 1837 470 1908 surrexisse.....
491 1836 619 1907 Veritas
643 1834 789 1928 undique
811 1835 1037 1908 sibieonsona
1052 1845 1088 1906 et
1107 1834 1249 1905 nullate*

214 1979 276 2033 nus
284 1979 493 2053 repugnans,
508 1962 556 2031 uti
568 1959 695 2032 *falsitas
714 1960 988 2051 imperturbatam
1002 1959 1112 2032 reddit
1123 1959 1166 2029 de
1184 1959 1248 2029 sin·

212 2081 300 2175 gotis
315 2083 416 2154 rebus
431 2084 550 2166 tidem;
566 2093 738 2176 propterea
751 2084 849 2154 solvit
862 2083 902 2152 ad
915 2101 1036 2170 omne,
1054 2081 1142 2173 qued
1156 2080 1249 2152 hisee

213 2207 255 2276 de
266 2203 366 2275 rebus
380 2206 542 2298 quispiam
559 2209 712 2300 dicatqui
722 2205 774 2304 (ὅ)
784 2207 865 2277 nihii
878 2197 1026 2277 os‘tendit
1040 2207 1082 2275 de
1093 2225 1133 2276 ea
1147 2223 1253 2297 qums·

214 2327 332 2397 tione:
355 2349 435 2398 num
451 2328 579 2400 seitioet
593 2332 739 2422 possint,
760 2349 890 2411 neone,
911 2327 1055 2399 existere
1079 2328 1112 2396 in
1134 2335 1251 2396 natura

215 2449 402 2541 hujusmodi
419 2452 590 2542 potentiae,
609 2453 725 2544 quotes
740 2451 930 2536 traduntur,
941 2459 975 2520 et
992 2449 1080 2519 Deus
1099 2449 1162 2519 ista
1177 2467 1250 2538 pos-

214 2571 258 2641 sit
271 2572 422 2643 oonierre
437 2574 623 2646 seeundum
640 2595 736 2646 suam
751 2575 971 2645 voluntatem.
991 2571 1145 2642 Protinus
1160 2570 1249 2648 enim

215 2715 352 2766 necesse
367 2703 465 2766 estut
479 2697 512 2766 iu
526 2696 606 2789 ipsis
625 2699 724 2768 rebus
739 2696 855 2766 herum
876 2695 1099 2787 potentiarum
1116 2692 1252 2762 aberra-¹

216 2817 321 2887 tiones
336 2819 547 2908 reperiantur
565 2817 838 2889 naturatum...
866 2816 945 2887 Haeo
970 2835 1184 2908 nequequam
1209 2815 1252 2884 ab

216 2956 331 3010 eorum
351 2939 489 3010 deorum
517 2941 678 3032 sapientie
701 2949 735 3011 et
757 2941 924 3011 voluntate
946 2939 1077 3032 pernen
1097 2946 1166 3008 aut
1179 2936 1252 3010 haee

216 3059 349 3153 quidem
368 3062 430 3145 sie,
447 3063 511 3132 alia
529 3081 610 3132 vero
625 3063 684 3133 sie.
707 3061 754 3132 De
773 3061 827 3132 his
842 3061 944 3152 igitur
957 3056 1154 3131 observandi
1175 3067 1254 3127 suot

216 3203 282 3255 uon
296 3184 351 3276 qui
365 3183 649 3276 persyitogismos
664 3193 722 3254 eut
732 3183 943 3255 inductiones
955 3186 1254 3272 argumentantur,-

217 3325 281 3376 nee
292 3305 580 3398 quietequentiem
595 3316 774 3392 ostentant,
785 3327 849 3377 neo
859 3305 929 3396 qui,
943 3299 1177 3410 atio·modu(d)
1187 3299 1256 3370 dis·

217 3439 430 3514 serentes...‚
445 3452 553 3522 oeque
566 3428 718 3522 deduius
729 3425 822 3525 (Dei)
832 3437 947 3498 nature
960 3436 995 3499 ot
1011 3425 1180 3496 votunmte
1192 3443 1255 3495 ne·

218 3573 284 3643 que
300 3552 349 3622 de
365 3561 479 3624 nostra
496 3553 618 3645 aliquid
637 3552 720 3625 uerti
737 3551 856 3622 ierunt.
882 3549 943 3634 Qui
959 3557 1075 3619 eutem
1103 3554 1194 3617 reete
1212 3546 1257 3617 de

219 3673 336 3746 horum
353 3676 500 3748 omnium
516 3686 638 3752 notura
650 3676 829 3758 disserunt,
845 3673 884 3742 iis
899 3671 978 3742 sotis
990 3669 1156 3762 contingit
1169 3668 1256 3739 veri·

260 3865 521 3946 (ptumus.

260 3969 311 4051 (2)
324 3971 368 4034 ct.
384 3972 512 4044 Locren,
530 3990 579 4044 ιιι,
597 3973 696 4032 tt-ta.

260 4073 311 4159 (3)
323 4076 487 4154 Polystrot„
499 4083 553 4139 loe.
570 4083 631 4150 eit,
643 4081 697 4140 eol.
710 4079 738 4136 3.

261 4179 311 4262 (t)
329 4183 415 4262 tute,
432 4187 486 4244 cor.
502 4186 531 4244 t.
