3086 5068
510 913 653 1026 PARS
689 910 908 1008 uululcu

639 1225 773 1240 *u—

241 1527 420 1602 Sciendum
442 1525 621 1601 humanum
641 1528 740 1603 eertie
760 1528 882 1624 finibus
905 1550 976 1602 esse
996 1526 1227 1602 continendum

192 1659 351 1722 medentur
366 1660 399 1724 et
411 1647 497 1746 qued
508 1671 623 1725 verum
636 1660 669 1723 et
683 1645 770 1746 qued
787 1647 910 1744 salsum
925 1650 962 1722 in
985 1649 1127 1722 Lucretii
1143 1647 1229 1722 doe-

192 1770 293 1844 triuu.
308 1813 355 1826 -·
370 1773 497 1852 Nature
511 1792 574 1843 nus
585 1771 684 1844 certis
700 1771 833 1844 inclusit
845 1771 966 1843 finibus
980 1793 1063 1864 quos
1076 1791 1230 1864 perrum-

194 1914 273 1986 pere
288 1893 410 1966 irusirn
434 1915 645 1966 conaremur.
665 1894 748 1979 Quae
762 1893 818 1964 lex
830 1903 867 1965 ei
883 1894 1032 1964 unimum
1051 1901 1086 1964 et
1105 1914 1229 1984 eorpus

193 2012 308 2087 vineit.
326 2014 614 2100 Quemadmodum
630 2015 721 2088 enim
743 2023 842 2099 sunt,
866 2014 952 2085 inira
968 2035 1137 2107 supraque
1155 2022 1229 2086 ier-

194 2147 298 2208 resire
312 2137 400 2229 qued
411 2136 549 2212 colimus
559 2136 681 2228 sulum,
695 2137 770 2210 loca
781 2136 902 2229 quibus
915 2136 1021 2208 rarior
1030 2136 1142 2210 defieit
1154 2156 1225 2222 ner,

193 2267 293 2350 atque
312 2259 370 2328 ubi
381 2259 511 2349 spirare
526 2279 591 2330 uun
605 2259 707 2347 lieet,
732 2259 807 2343 sie,
827 2259 910 2330 inira
932 2279 1102 2352 supraque
1119 2267 1228 2330 nerias

192 2399 251 2458 eus
266 2379 433 2470 regiones,
446 2369 501 2450 ubi
513 2380 632 2450 crescii
646 2379 747 2456 animi
758 2380 861 2450 uusiri
880 2379 1062 2478 pabulum,
1081 2389 1159 2454 sunt
1170 2381 1230 2449 ob·

193 2519 291 2570 seura
309 2500 428 2589 spade,
444 2521 591 2591 quorum
605 2499 687 2570 nihil
701 2520 855 2585 eernere,
873 2500 953 2571 nihil
963 2501 1152 2593 intelligere
1165 2521 1228 2571 no·
1246 2579 1250 2583 ,

193 2621 245 2695 bis
263 2622 311 2692 ias
324 2630 390 2693 est.
415 2622 489 2694 Une
505 2623 607 2714 igitur
621 2631 655 2694 ei
669 2622 788 2693 eudem
808 2629 859 2692 esi
874 2623 1000 2694 homini
1016 2624 1114 2694 bouae
1128 2621 1226 2693 veie-

193 2744 319 2817 tudinis
342 2756 377 2818 ει
398 2747 548 2819 scientiae
564 2747 721 2832 conditio,
737 2747 867 2818 scilieet
889 2746 1056 2817 iunesmm
1070 2746 1121 2816 sui
1134 2745 1228 2836 igno·

194 2866 336 2940 ruuiiam
351 2878 450 2960 nique
464 2853 655 2964 superbiam
668 2872 802 2942 inanem
817 2891 942 2942 exuere
956 2926 964 2959 ,
978 2891 1042 2962 quo
1057 2867 1186 2943 firmius
1196 2879 1229 2939 et

190 3011 272 3062 suun
290 3011 429 3082 empore
445 3002 480 3062 eu
494 3012 577 3062 sane
592 3001 702 3062 meme
718 2993 857 3062 fruatur.

242 3113 323 3184 Pars
332 3115 493 3205 igiturest
504 3115 693 3206 sapiennae,
704 3126 737 3186 eu
748 3091 952 3208 precipuum
963 3115 1051 3186 bene
1062 3117 1226 3212 beateque

192 3235 327 3306 vivendi
339 3236 605 3323 fundamendum,
619 3238 748 3310 nescire
768 3239 937 3330 quendam,
957 3248 1230 3332 aiqueneeesse-

191 3355 275 3425 riam
298 3364 444 3426 nostram
461 3357 637 3428 mulierum
652 3378 765 3430 rer-um
785 3359 1008 3451 ignorantiam
1026 3380 1221 3456 agnuscere.

191 3475 491 3571 Aliterenimquae
511 3482 679 3551 nescimus
701 3482 788 3551 seire
804 3491 1021 3572 putaremus,
1048 3503 1132 3554 vanu
1150 3503 1233 3573 spe-

189 3597 243 3670 eie
268 3598 398 3691 deeepii
422 3609 479 3671 aut
504 3601 680 3673 temeraria
701 3603 906 3694 imaginandi
930 3605 964 3677 vi
987 3605 1129 3694 abrepti.
1157 3601 1230 3674 Non

191 3721 299 3814 qualis
325 3729 397 3804 est,
432 3723 489 3794 sed
515 3724 649 3814 qualem
673 3745 746 3794 eam
779 3745 855 3796 esse
886 3726 1113 3820 fingeremus,
1135 3725 1242 3795 nobis

193 3824 307 3912 rerum
322 3851 441 3916 uaiura
465 3853 663 3936 appareret,
682 3866 793 3938 neque
813 3845 916 3916 ulium
937 3846 1118 3917 discrimen
1141 3845 1247 3927 inter,

194 3965 364 4037 menidam
380 3974 413 4036 er
432 3986 675 4038 rerumrerum
693 3968 918 4060 cognitionem
934 3970 1131 4040 faceremus.
1148 3967 1229 4055 iude

191 4085 335 4158 obseura
362 4099 557 4160 nasceretur
578 4091 745 4177 confusio,
772 4090 804 4160 in
831 4112 894 4182 que
919 4091 1029 4162 omniu
1048 4090 1180 4160 misceri
1197 4097 1231 4160 et

193 4211 298 4281 duere
313 4220 345 4281 ei
361 4233 564 4288 evanescere
581 4213 789 4286 videremur.
816 4281 818 4284 ,
