<?xml version="1.0" encoding="UTF-8"?>
<!DOCTYPE html PUBLIC "-//W3C//DTD XHTML 1.0 Transitional//EN"
    "http://www.w3.org/TR/xhtml1/DTD/xhtml1-transitional.dtd">
<html xmlns="http://www.w3.org/1999/xhtml" xml:lang="en" lang="en">
 <head>
  <title>
</title>
<meta http-equiv="Content-Type" content="text/html;charset=utf-8" />
  <meta name='ocr-system' content='tesseract 3.04.00' />
  <meta name='ocr-capabilities' content='ocr_page ocr_carea ocr_par ocr_line ocrx_word'/>
</head>
<body>
  <div class='ocr_page' id='page_1' title='image "./delucretiimetap00suckgoog_0082.png"; bbox 0 0 3086 5068; ppageno 0'>
   <div class='ocr_carea' id='block_1_1' title="bbox 553 1016 866 1148">
    <p class='ocr_par' dir='ltr' id='par_1_1' title="bbox 553 1016 866 1148">
     <span class='ocr_line' id='line_1_1' title="bbox 553 1016 866 1148; baseline 0.013 -46"><span class='ocrx_word' id='word_1_1' title='bbox 553 1016 866 1148; x_wconf 80' lang='lat' dir='ltr'><strong>oouonusro</strong></span> 
     </span>
    </p>
   </div>
   <div class='ocr_carea' id='block_1_2' title="bbox 193 1367 1231 2190">
    <p class='ocr_par' dir='ltr' id='par_1_2' title="bbox 193 1367 1231 2190">
     <span class='ocr_line' id='line_1_2' title="bbox 242 1367 1229 1463; baseline 0.001 -23"><span class='ocrx_word' id='word_1_2' title='bbox 242 1369 336 1456; x_wconf 83' lang='lat' dir='ltr'><strong>Quod</strong></span> <span class='ocrx_word' id='word_1_3' title='bbox 359 1369 490 1442; x_wconf 86' lang='lat' dir='ltr'><strong>Soneoa</strong></span> <span class='ocrx_word' id='word_1_4' title='bbox 510 1370 552 1442; x_wconf 94' lang='lat' dir='ltr'><strong>de</strong></span> <span class='ocrx_word' id='word_1_5' title='bbox 575 1369 720 1442; x_wconf 87' lang='lat' dir='ltr'>Zenonis</span> <span class='ocrx_word' id='word_1_6' title='bbox 738 1371 983 1463; x_wconf 75' lang='lat' dir='ltr'><strong>stoicorumque</strong></span> <span class='ocrx_word' id='word_1_7' title='bbox 1002 1369 1154 1442; x_wconf 86' lang='lat' dir='ltr'><strong>doctrina</strong></span> <span class='ocrx_word' id='word_1_8' title='bbox 1173 1367 1229 1441; x_wconf 88' lang='lat' dir='ltr'><strong>di-</strong></span> 
     </span>
     <span class='ocr_line' id='line_1_3' title="bbox 193 1491 1229 1584; baseline 0.001 -21"><span class='ocrx_word' id='word_1_9' title='bbox 193 1491 259 1578; x_wconf 88' lang='lat' dir='ltr'><strong>oit,</strong></span> <span class='ocrx_word' id='word_1_10' title='bbox 288 1511 363 1562; x_wconf 89' lang='lat' dir='ltr'><strong>earn</strong></span> <span class='ocrx_word' id='word_1_11' title='bbox 381 1513 448 1562; x_wconf 94' lang='lat' dir='ltr'><strong>non</strong></span> <span class='ocrx_word' id='word_1_12' title='bbox 464 1491 689 1583; x_wconf 82' lang='lat' dir='ltr'>colligendam</span> <span class='ocrx_word' id='word_1_13' title='bbox 704 1501 739 1564; x_wconf 89' lang='lat' dir='ltr'><strong>et</strong></span> <span class='ocrx_word' id='word_1_14' title='bbox 753 1493 1026 1584; x_wconf 86' lang='lat' dir='ltr'><strong>excerpendam,</strong></span> <span class='ocrx_word' id='word_1_15' title='bbox 1050 1491 1108 1562; x_wconf 91' lang='lat' dir='ltr'><strong>sed</strong></span> <span class='ocrx_word' id='word_1_16' title='bbox 1126 1501 1229 1564; x_wconf 89' lang='lat' dir='ltr'><strong>totam</strong></span> 
     </span>
     <span class='ocr_line' id='line_1_4' title="bbox 193 1609 1231 1706; baseline 0 -22"><span class='ocrx_word' id='word_1_17' title='bbox 193 1631 271 1684; x_wconf 86' lang='lat' dir='ltr'><strong>esse</strong></span> <span class='ocrx_word' id='word_1_18' title='bbox 287 1612 503 1696; x_wconf 82' lang='lat' dir='ltr'><strong>sumendam,</strong></span> <span class='ocrx_word' id='word_1_19' title='bbox 532 1632 596 1684; x_wconf 94' lang='lat' dir='ltr'><strong>non</strong></span> <span class='ocrx_word' id='word_1_20' title='bbox 619 1613 661 1684; x_wconf 88' lang='lat' dir='ltr'><strong>de</strong></span> <span class='ocrx_word' id='word_1_21' title='bbox 679 1609 818 1706; x_wconf 77' lang='lat' dir='ltr'><strong>Epicuri</strong></span> <span class='ocrx_word' id='word_1_22' title='bbox 842 1611 1058 1704; x_wconf 84' lang='lat' dir='ltr'><strong>Lucretiique</strong></span> <span class='ocrx_word' id='word_1_23' title='bbox 1081 1613 1231 1684; x_wconf 78' lang='lat' dir='ltr'><strong>doctrina</strong></span> 
     </span>
     <span class='ocr_line' id='line_1_5' title="bbox 194 1733 1231 1826; baseline 0 -22"><span class='ocrx_word' id='word_1_24' title='bbox 194 1735 320 1826; x_wconf 88' lang='lat' dir='ltr'><strong>pariter</strong></span> <span class='ocrx_word' id='word_1_25' title='bbox 343 1733 410 1806; x_wconf 91' lang='lat' dir='ltr'><strong>dioi</strong></span> <span class='ocrx_word' id='word_1_26' title='bbox 437 1742 557 1826; x_wconf 85' lang='lat' dir='ltr'><strong>potest.</strong></span> <span class='ocrx_word' id='word_1_27' title='bbox 587 1733 672 1806; x_wconf 88' lang='lat' dir='ltr'><strong>Sunt</strong></span> <span class='ocrx_word' id='word_1_28' title='bbox 693 1734 781 1806; x_wconf 87' lang='lat' dir='ltr'><strong>enim</strong></span> <span class='ocrx_word' id='word_1_29' title='bbox 811 1733 914 1804; x_wconf 85' lang='lat' dir='ltr'><strong>multa</strong></span> <span class='ocrx_word' id='word_1_30' title='bbox 935 1755 1010 1825; x_wconf 89' lang='lat' dir='ltr'><strong>quae</strong></span> <span class='ocrx_word' id='word_1_31' title='bbox 1028 1733 1071 1805; x_wconf 85' lang='lat' dir='ltr'><strong>ad</strong></span> <span class='ocrx_word' id='word_1_32' title='bbox 1100 1753 1231 1805; x_wconf 90' lang='lat' dir='ltr'><strong>morum</strong></span> 
     </span>
     <span class='ocr_line' id='line_1_6' title="bbox 195 1851 1227 1946; baseline -0.001 -22"><span class='ocrx_word' id='word_1_33' title='bbox 195 1873 374 1946; x_wconf 88' lang='lat' dir='ltr'><strong>rerumque</strong></span> <span class='ocrx_word' id='word_1_34' title='bbox 400 1854 574 1925; x_wconf 87' lang='lat' dir='ltr'><strong>seientiam</strong></span> <span class='ocrx_word' id='word_1_35' title='bbox 603 1853 776 1924; x_wconf 87' lang='lat' dir='ltr'><strong>utilissima</strong></span> <span class='ocrx_word' id='word_1_36' title='bbox 800 1853 842 1923; x_wconf 89' lang='lat' dir='ltr'><strong>ab</strong></span> <span class='ocrx_word' id='word_1_37' title='bbox 869 1853 1014 1944; x_wconf 82' lang='lat' dir='ltr'>Epicuro</span> <span class='ocrx_word' id='word_1_38' title='bbox 1039 1851 1227 1936; x_wconf 85' lang='lat' dir='ltr'><strong>mutueris;</strong></span> 
     </span>
     <span class='ocr_line' id='line_1_7' title="bbox 193 1973 1231 2068; baseline -0.001 -23"><span class='ocrx_word' id='word_1_39' title='bbox 193 1985 273 2046; x_wconf 88' lang='lat' dir='ltr'><strong>suut</strong></span> <span class='ocrx_word' id='word_1_40' title='bbox 289 1984 403 2048; x_wconf 87' lang='lat' dir='ltr'><strong>autem</strong></span> <span class='ocrx_word' id='word_1_41' title='bbox 420 1976 517 2067; x_wconf 87' lang='lat' dir='ltr'><strong>ptura</strong></span> <span class='ocrx_word' id='word_1_42' title='bbox 534 1994 614 2068; x_wconf 88' lang='lat' dir='ltr'><strong>quae</strong></span> <span class='ocrx_word' id='word_1_43' title='bbox 636 1973 783 2044; x_wconf 90' lang='lat' dir='ltr'><strong>moribus</strong></span> <span class='ocrx_word' id='word_1_44' title='bbox 809 1994 965 2066; x_wconf 78' lang='lat' dir='ltr'><strong>veraeque</strong></span> <span class='ocrx_word' id='word_1_45' title='bbox 986 1994 1096 2043; x_wconf 86' lang='lat' dir='ltr'><strong>rerum</strong></span> <span class='ocrx_word' id='word_1_46' title='bbox 1117 1973 1231 2044; x_wconf 86' lang='lat' dir='ltr'><strong>soien-</strong></span> 
     </span>
     <span class='ocr_line' id='line_1_8' title="bbox 195 2075 844 2190; baseline -0.009 -20"><span class='ocrx_word' id='word_1_47' title='bbox 195 2095 252 2170; x_wconf 86' lang='lat' dir='ltr'><strong>tiae</strong></span> <span class='ocrx_word' id='word_1_48' title='bbox 266 2075 492 2170; x_wconf 82' lang='lat' dir='ltr'><strong>intensissima</strong></span> <span class='ocrx_word' id='word_1_49' title='bbox 509 2096 689 2190; x_wconf 90' lang='lat' dir='ltr'><strong>repudiare</strong></span> <span class='ocrx_word' id='word_1_50' title='bbox 707 2096 844 2168; x_wconf 83' lang='lat' dir='ltr'><strong>debeas.</strong></span> 
     </span>
    </p>
   </div>
   <div class='ocr_carea' id='block_1_3' title="bbox 194 2199 1258 2581">
    <p class='ocr_par' dir='ltr' id='par_1_3' title="bbox 194 2199 1258 2581">
     <span class='ocr_line' id='line_1_9' title="bbox 244 2199 1258 2334; baseline -0.003 -20"><span class='ocrx_word' id='word_1_51' title='bbox 244 2245 291 2314; x_wconf 88' lang='lat' dir='ltr'><strong>Ea</strong></span> <span class='ocrx_word' id='word_1_52' title='bbox 318 2245 408 2316; x_wconf 87' lang='lat' dir='ltr'><strong>enim</strong></span> <span class='ocrx_word' id='word_1_53' title='bbox 435 2263 507 2316; x_wconf 90' lang='lat' dir='ltr'><strong>sors</strong></span> <span class='ocrx_word' id='word_1_54' title='bbox 527 2241 589 2315; x_wconf 88' lang='lat' dir='ltr'><strong>iuit</strong></span> <span class='ocrx_word' id='word_1_55' title='bbox 613 2243 781 2334; x_wconf 83' lang='lat' dir='ltr'><strong>epicureae</strong></span> <span class='ocrx_word' id='word_1_56' title='bbox 805 2241 978 2320; x_wconf 74' lang='lat' dir='ltr'><strong>doetrinae,</strong></span> <span class='ocrx_word' id='word_1_57' title='bbox 1008 2249 1045 2312; x_wconf 87' lang='lat' dir='ltr'><strong>ut</strong></span> <span class='ocrx_word' id='word_1_58' title='bbox 1066 2199 1258 2312; x_wconf 83' lang='lat' dir='ltr'><strong>contraria</strong></span> 
     </span>
     <span class='ocr_line' id='line_1_10' title="bbox 195 2363 1236 2458; baseline -0.005 -19"><span class='ocrx_word' id='word_1_59' title='bbox 195 2367 399 2450; x_wconf 81' lang='lat' dir='ltr'><strong>contineret,</strong></span> <span class='ocrx_word' id='word_1_60' title='bbox 422 2365 703 2458; x_wconf 82' lang='lat' dir='ltr'><strong>philosophiaeque</strong></span> <span class='ocrx_word' id='word_1_61' title='bbox 732 2371 842 2456; x_wconf 84' lang='lat' dir='ltr'><strong>partes</strong></span> <span class='ocrx_word' id='word_1_62' title='bbox 869 2364 1016 2436; x_wconf 84' lang='lat' dir='ltr'><strong>vicissim</strong></span> <span class='ocrx_word' id='word_1_63' title='bbox 1041 2363 1236 2436; x_wconf 82' lang='lat' dir='ltr'><strong>detenderet</strong></span> 
     </span>
     <span class='ocr_line' id='line_1_11' title="bbox 194 2488 569 2581; baseline -0.013 -20"><span class='ocrx_word' id='word_1_64' title='bbox 194 2496 297 2581; x_wconf 88' lang='lat' dir='ltr'><strong>atquo</strong></span> <span class='ocrx_word' id='word_1_65' title='bbox 311 2488 569 2580; x_wconf 77' lang='lat' dir='ltr'><strong>aggrederetur.</strong></span> 
     </span>
    </p>
   </div>
   <div class='ocr_carea' id='block_1_4' title="bbox 196 2629 1238 2950">
    <p class='ocr_par' dir='ltr' id='par_1_4' title="bbox 196 2629 1238 2950">
     <span class='ocr_line' id='line_1_12' title="bbox 246 2629 1238 2722; baseline -0.004 -19"><span class='ocrx_word' id='word_1_66' title='bbox 246 2633 396 2704; x_wconf 87' lang='lat' dir='ltr'><strong>Primum</strong></span> <span class='ocrx_word' id='word_1_67' title='bbox 411 2631 500 2702; x_wconf 91' lang='lat' dir='ltr'><strong>enirn</strong></span> <span class='ocrx_word' id='word_1_68' title='bbox 516 2640 630 2702; x_wconf 88' lang='lat' dir='ltr'><strong>eontra</strong></span> <span class='ocrx_word' id='word_1_69' title='bbox 644 2631 864 2722; x_wconf 87' lang='lat' dir='ltr'><strong>ignorantiam</strong></span> <span class='ocrx_word' id='word_1_70' title='bbox 880 2629 1158 2722; x_wconf 88' lang='lat' dir='ltr'><strong>religionemque,</strong></span> <span class='ocrx_word' id='word_1_71' title='bbox 1180 2629 1238 2720; x_wconf 81' lang='lat' dir='ltr'><strong>ig·</strong></span> 
     </span>
     <span class='ocr_line' id='line_1_13' title="bbox 196 2752 1237 2847; baseline -0.007 -19"><span class='ocrx_word' id='word_1_72' title='bbox 196 2756 346 2828; x_wconf 79' lang='lat' dir='ltr'><strong>rorantia</strong></span> <span class='ocrx_word' id='word_1_73' title='bbox 366 2763 488 2841; x_wconf 90' lang='lat' dir='ltr'><strong>ortam,</strong></span> <span class='ocrx_word' id='word_1_74' title='bbox 511 2754 645 2825; x_wconf 81' lang='lat' dir='ltr'><strong>invecta</strong></span> <span class='ocrx_word' id='word_1_75' title='bbox 662 2761 735 2838; x_wconf 88' lang='lat' dir='ltr'><strong>est,</strong></span> <span class='ocrx_word' id='word_1_76' title='bbox 752 2753 846 2847; x_wconf 87' lang='lat' dir='ltr'><strong>quasi</strong></span> <span class='ocrx_word' id='word_1_77' title='bbox 868 2775 980 2825; x_wconf 91' lang='lat' dir='ltr'><strong>rerum</strong></span> <span class='ocrx_word' id='word_1_78' title='bbox 995 2752 1148 2842; x_wconf 88' lang='lat' dir='ltr'><strong>omnium</strong></span> <span class='ocrx_word' id='word_1_79' title='bbox 1160 2771 1237 2822; x_wconf 87' lang='lat' dir='ltr'><strong>oer-</strong></span> 
     </span>
     <span class='ocr_line' id='line_1_14' title="bbox 198 2876 646 2950; baseline -0.009 0"><span class='ocrx_word' id='word_1_80' title='bbox 198 2887 265 2950; x_wconf 88' lang='lat' dir='ltr'><strong>tam</strong></span> <span class='ocrx_word' id='word_1_81' title='bbox 284 2878 448 2950; x_wconf 86' lang='lat' dir='ltr'><strong>rationem</strong></span> <span class='ocrx_word' id='word_1_82' title='bbox 465 2876 646 2948; x_wconf 90' lang='lat' dir='ltr'><strong>redditura.</strong></span> 
     </span>
    </p>
   </div>
   <div class='ocr_carea' id='block_1_5' title="bbox 195 3020 1237 3358">
    <p class='ocr_par' dir='ltr' id='par_1_5' title="bbox 195 3020 1237 3358">
     <span class='ocr_line' id='line_1_15' title="bbox 246 3020 1236 3118; baseline -0.006 -22"><span class='ocrx_word' id='word_1_83' title='bbox 246 3025 370 3096; x_wconf 85' lang='lat' dir='ltr'><strong>Deinde</strong></span> <span class='ocrx_word' id='word_1_84' title='bbox 388 3033 502 3096; x_wconf 86' lang='lat' dir='ltr'><strong>autem</strong></span> <span class='ocrx_word' id='word_1_85' title='bbox 524 3023 566 3094; x_wconf 91' lang='lat' dir='ltr'><strong>ad</strong></span> <span class='ocrx_word' id='word_1_86' title='bbox 583 3045 625 3094; x_wconf 90' lang='lat' dir='ltr'><strong>ea</strong></span> <span class='ocrx_word' id='word_1_87' title='bbox 649 3045 724 3118; x_wconf 85' lang='lat' dir='ltr'><strong>quae</strong></span> <span class='ocrx_word' id='word_1_88' title='bbox 738 3024 825 3096; x_wconf 89' lang='lat' dir='ltr'><strong>seire</strong></span> <span class='ocrx_word' id='word_1_89' title='bbox 840 3023 931 3094; x_wconf 81' lang='lat' dir='ltr'><strong>neos</strong></span> <span class='ocrx_word' id='word_1_90' title='bbox 951 3031 1018 3093; x_wconf 90' lang='lat' dir='ltr'><strong>tam</strong></span> <span class='ocrx_word' id='word_1_91' title='bbox 1043 3020 1236 3112; x_wconf 87' lang='lat' dir='ltr'><strong>impruden·</strong></span> 
     </span>
     <span class='ocr_line' id='line_1_16' title="bbox 195 3140 1237 3238; baseline -0.008 -19"><span class='ocrx_word' id='word_1_92' title='bbox 195 3155 247 3219; x_wconf 89' lang='lat' dir='ltr'><strong>ter</strong></span> <span class='ocrx_word' id='word_1_93' title='bbox 264 3146 425 3238; x_wconf 81' lang='lat' dir='ltr'><strong>confugit,</strong></span> <span class='ocrx_word' id='word_1_94' title='bbox 452 3155 489 3216; x_wconf 86' lang='lat' dir='ltr'><strong>ut</strong></span> <span class='ocrx_word' id='word_1_95' title='bbox 505 3145 667 3218; x_wconf 90' lang='lat' dir='ltr'><strong>rationem</strong></span> <span class='ocrx_word' id='word_1_96' title='bbox 685 3144 774 3215; x_wconf 93' lang='lat' dir='ltr'><strong>omni</strong></span> <span class='ocrx_word' id='word_1_97' title='bbox 799 3146 923 3216; x_wconf 86' lang='lat' dir='ltr'><strong>virtute</strong></span> <span class='ocrx_word' id='word_1_98' title='bbox 946 3143 1127 3236; x_wconf 88' lang='lat' dir='ltr'><strong>privatam,</strong></span> <span class='ocrx_word' id='word_1_99' title='bbox 1144 3149 1179 3212; x_wconf 89' lang='lat' dir='ltr'><strong>et</strong></span> <span class='ocrx_word' id='word_1_100' title='bbox 1196 3140 1237 3211; x_wconf 91' lang='lat' dir='ltr'><strong>ad</strong></span> 
     </span>
     <span class='ocr_line' id='line_1_17' title="bbox 196 3266 819 3358; baseline -0.006 -18"><span class='ocrx_word' id='word_1_101' title='bbox 196 3267 339 3340; x_wconf 78' lang='lat' dir='ltr'><strong>nihilum</strong></span> <span class='ocrx_word' id='word_1_102' title='bbox 354 3266 539 3350; x_wconf 86' lang='lat' dir='ltr'><strong>redactam,</strong></span> <span class='ocrx_word' id='word_1_103' title='bbox 556 3266 653 3336; x_wconf 88' lang='lat' dir='ltr'><strong>silere</strong></span> <span class='ocrx_word' id='word_1_104' title='bbox 663 3266 819 3358; x_wconf 88' lang='lat' dir='ltr'><strong>jusserit.</strong></span> 
     </span>
    </p>
   </div>
   <div class='ocr_carea' id='block_1_6' title="bbox 200 3409 1241 4106">
    <p class='ocr_par' dir='ltr' id='par_1_6' title="bbox 200 3409 1241 4106">
     <span class='ocr_line' id='line_1_18' title="bbox 249 3409 1240 3512; baseline -0.004 -25"><span class='ocrx_word' id='word_1_105' title='bbox 249 3414 396 3498; x_wconf 85' lang='lat' dir='ltr'><strong>Etenim,</strong></span> <span class='ocrx_word' id='word_1_106' title='bbox 412 3421 589 3512; x_wconf 86' lang='lat' dir='ltr'><strong>postquam</strong></span> <span class='ocrx_word' id='word_1_107' title='bbox 604 3412 754 3484; x_wconf 89' lang='lat' dir='ltr'><strong>animum</strong></span> <span class='ocrx_word' id='word_1_108' title='bbox 765 3411 942 3505; x_wconf 78' lang='lat' dir='ltr'><strong>diligenter</strong></span> <span class='ocrx_word' id='word_1_109' title='bbox 953 3409 1137 3483; x_wconf 80' lang='lat' dir='ltr'><strong>curandum</strong></span> <span class='ocrx_word' id='word_1_110' title='bbox 1147 3432 1240 3503; x_wconf 82' lang='lat' dir='ltr'><strong>prae-</strong></span> 
     </span>
     <span class='ocr_line' id='line_1_19' title="bbox 200 3533 1240 3630; baseline -0.004 -22"><span class='ocrx_word' id='word_1_111' title='bbox 200 3535 392 3630; x_wconf 79' lang='lat' dir='ltr'><strong>scripserit,</strong></span> <span class='ocrx_word' id='word_1_112' title='bbox 409 3555 477 3627; x_wconf 90' lang='lat' dir='ltr'><strong>quo</strong></span> <span class='ocrx_word' id='word_1_113' title='bbox 496 3534 628 3623; x_wconf 84' lang='lat' dir='ltr'><strong>melius,</strong></span> <span class='ocrx_word' id='word_1_114' title='bbox 641 3534 730 3606; x_wconf 94' lang='lat' dir='ltr'><strong>omni</strong></span> <span class='ocrx_word' id='word_1_115' title='bbox 746 3555 858 3605; x_wconf 87' lang='lat' dir='ltr'><strong>errore</strong></span> <span class='ocrx_word' id='word_1_116' title='bbox 872 3534 1031 3627; x_wconf 88' lang='lat' dir='ltr'><strong>omnique</strong></span> <span class='ocrx_word' id='word_1_117' title='bbox 1047 3533 1133 3604; x_wconf 89' lang='lat' dir='ltr'><strong>mato</strong></span> <span class='ocrx_word' id='word_1_118' title='bbox 1152 3533 1240 3605; x_wconf 88' lang='lat' dir='ltr'><strong>libe-</strong></span> 
     </span>
     <span class='ocr_line' id='line_1_20' title="bbox 201 3652 1240 3746; baseline -0.002 -20"><span class='ocrx_word' id='word_1_119' title='bbox 201 3665 313 3743; x_wconf 87' lang='lat' dir='ltr'><strong>ratus,</strong></span> <span class='ocrx_word' id='word_1_120' title='bbox 338 3656 469 3728; x_wconf 90' lang='lat' dir='ltr'><strong>sanitati</strong></span> <span class='ocrx_word' id='word_1_121' title='bbox 486 3653 695 3743; x_wconf 84' lang='lat' dir='ltr'><strong>redderetur,</strong></span> <span class='ocrx_word' id='word_1_122' title='bbox 720 3655 846 3725; x_wconf 85' lang='lat' dir='ltr'><strong>eortius</strong></span> <span class='ocrx_word' id='word_1_123' title='bbox 870 3654 1123 3746; x_wconf 86' lang='lat' dir='ltr'><strong>promptiusque</strong></span> <span class='ocrx_word' id='word_1_124' title='bbox 1142 3652 1240 3746; x_wconf 84' lang='lat' dir='ltr'><strong>judi·</strong></span> 
     </span>
     <span class='ocr_line' id='line_1_21' title="bbox 201 3774 1237 3860; baseline -0.006 -8"><span class='ocrx_word' id='word_1_125' title='bbox 201 3799 300 3852; x_wconf 81' lang='lat' dir='ltr'><strong>essse</strong></span> <span class='ocrx_word' id='word_1_126' title='bbox 310 3777 446 3852; x_wconf 86' lang='lat' dir='ltr'><strong>videtur</strong></span> <span class='ocrx_word' id='word_1_127' title='bbox 463 3799 598 3851; x_wconf 86' lang='lat' dir='ltr'><strong>omnem</strong></span> <span class='ocrx_word' id='word_1_128' title='bbox 610 3777 780 3850; x_wconf 84' lang='lat' dir='ltr'><strong>infortunii</strong></span> <span class='ocrx_word' id='word_1_129' title='bbox 793 3775 896 3848; x_wconf 88' lang='lat' dir='ltr'><strong>nostri</strong></span> <span class='ocrx_word' id='word_1_130' title='bbox 910 3774 1032 3846; x_wconf 82' lang='lat' dir='ltr'><strong>iontem</strong></span> <span class='ocrx_word' id='word_1_131' title='bbox 1045 3775 1237 3860; x_wconf 83' lang='lat' dir='ltr'><strong>exhaurire,</strong></span> 
     </span>
     <span class='ocr_line' id='line_1_22' title="bbox 200 3885 1241 3992; baseline -0.006 -19"><span class='ocrx_word' id='word_1_132' title='bbox 200 3885 303 3992; x_wconf 80' lang='lat' dir='ltr'><strong>atque</strong></span> <span class='ocrx_word' id='word_1_133' title='bbox 320 3899 501 3988; x_wconf 89' lang='lat' dir='ltr'><strong>rationem,</strong></span> <span class='ocrx_word' id='word_1_134' title='bbox 519 3919 594 3992; x_wconf 77' lang='lat' dir='ltr'><strong>que</strong></span> <span class='ocrx_word' id='word_1_135' title='bbox 608 3917 668 3970; x_wconf 86' lang='lat' dir='ltr'><strong>nos</strong></span> <span class='ocrx_word' id='word_1_136' title='bbox 680 3897 779 3968; x_wconf 82' lang='lat' dir='ltr'><strong>toties</strong></span> <span class='ocrx_word' id='word_1_137' title='bbox 795 3896 994 3987; x_wconf 75' lang='lat' dir='ltr'><strong>decepisset,</strong></span> <span class='ocrx_word' id='word_1_138' title='bbox 1013 3915 1078 3967; x_wconf 92' lang='lat' dir='ltr'><strong>non</strong></span> <span class='ocrx_word' id='word_1_139' title='bbox 1090 3894 1157 3987; x_wconf 82' lang='lat' dir='ltr'><strong>jam</strong></span> <span class='ocrx_word' id='word_1_140' title='bbox 1172 3915 1241 3967; x_wconf 83' lang='lat' dir='ltr'><strong>no-</strong></span> 
     </span>
     <span class='ocr_line' id='line_1_23' title="bbox 202 4019 782 4106; baseline -0.009 -12"><span class='ocrx_word' id='word_1_141' title='bbox 202 4019 256 4094; x_wconf 86' lang='lat' dir='ltr'><strong>bis</strong></span> <span class='ocrx_word' id='word_1_142' title='bbox 271 4019 471 4106; x_wconf 79' lang='lat' dir='ltr'><strong>nocituram,</strong></span> <span class='ocrx_word' id='word_1_143' title='bbox 488 4022 621 4093; x_wconf 90' lang='lat' dir='ltr'><strong>omnino</strong></span> <span class='ocrx_word' id='word_1_144' title='bbox 635 4019 782 4092; x_wconf 86' lang='lat' dir='ltr'><strong>abolere.</strong></span> 
     </span>
    </p>
   </div>
   <div class='ocr_carea' id='block_1_7' title="bbox 252 4164 1235 4263">
    <p class='ocr_par' dir='ltr' id='par_1_7' title="bbox 252 4164 1235 4263">
     <span class='ocr_line' id='line_1_24' title="bbox 252 4164 1235 4263; baseline -0.004 -24"><span class='ocrx_word' id='word_1_145' title='bbox 252 4166 307 4240; x_wconf 90' lang='lat' dir='ltr'><strong>Sio</strong></span> <span class='ocrx_word' id='word_1_146' title='bbox 319 4166 493 4263; x_wconf 89' lang='lat' dir='ltr'><strong>quidquid,</strong></span> <span class='ocrx_word' id='word_1_147' title='bbox 512 4167 594 4240; x_wconf 93' lang='lat' dir='ltr'><strong>miro</strong></span> <span class='ocrx_word' id='word_1_148' title='bbox 609 4165 758 4240; x_wconf 84' lang='lat' dir='ltr'><strong>soientiae</strong></span> <span class='ocrx_word' id='word_1_149' title='bbox 772 4165 977 4259; x_wconf 77' lang='lat' dir='ltr'><strong>rationisque</strong></span> <span class='ocrx_word' id='word_1_150' title='bbox 989 4185 1102 4237; x_wconf 85' lang='lat' dir='ltr'><strong>amoro</strong></span> <span class='ocrx_word' id='word_1_151' title='bbox 1114 4164 1235 4236; x_wconf 88' lang='lat' dir='ltr'><strong>inoeu·</strong></span> 
     </span>
    </p>
   </div>
   <div class='ocr_carea' id='block_1_8' title="bbox 0 0 1558 5068">
    <p class='ocr_par' dir='ltr' id='par_1_8' title="bbox 0 0 1558 5068">
     <span class='ocr_line' id='line_1_25' title="bbox 0 0 1558 5068; baseline 0 0"><span class='ocrx_word' id='word_1_152' title='bbox 0 0 1558 5068; x_wconf 95' lang='lat' dir='ltr'><strong> </strong></span> 
     </span>
    </p>
   </div>
  </div>
 </body>
</html>
