3086 5068
761 448 797 458 -
821 416 858 472 34
881 443 920 456 ..

317 551 497 625 humanam
522 551 649 622 intrare
669 557 805 619 coaetus
819 567 869 628 es,
889 553 1041 616 neutram
1063 546 1234 640 cognitam
1251 549 1355 634 velis,

317 675 380 756 nisi
412 694 509 764 quam
541 671 648 762 magis
680 679 876 741 contemnas
911 676 1011 759 atquo
1043 668 1231 763 relinquere
1265 671 1359 744 iesti-

315 814 393 877 nes;
417 792 633 874 admodum,
654 789 696 861 ad
711 789 810 862 inane
837 773 994 878 coniuge.
1018 787 1132 866 Solum
1149 788 1239 862 enim
1258 787 1357 860 inane

316 916 488 1008 quietum,
509 913 579 984 sola
594 933 684 1003 mors
708 909 920 982 immortalis.
943 908 1021 980 Haeo
1045 909 1088 978 ait
1115 920 1170 980 tua
1187 931 1278 1003 spes,
1299 910 1358 982 bio

317 1048 385 1108 luae
403 1037 582 1128 volunlntis
600 1036 686 1106 linis.
738 1089 739 1094 η

365 1160 398 1230 Si
424 1159 806 1252 quidseientlapotest.
830 1161 1005 1230 remisero
1031 1164 1196 1231 aelornum
1217 1155 1356 1254 uiuendi

316 1284 408 1351 metu
425 1275 597 1359 liberabit„
615 1285 647 1346 te
674 1297 740 1349 non
768 1278 859 1360 vitan,
886 1275 1091 1357 seimonis,
1122 1282 1292 1350 amantem
1307 1275 1357 1344 la-

315 1401 395 1487 niat,
418 1410 454 1472 ut
466 1401 572 1476 bisin
592 1403 688 1474 terris
705 1411 834 1471 mortuo
852 1401 947 1480 vivas
961 1400 1094 1484 similis,
1110 1419 1211 1493 quem
1225 1408 1258 1470 te
1274 1420 1354 1473 mos

318 1519 464 1592 futurum
483 1541 541 1611 pro
556 1522 744 1612 certissimo
760 1519 883 1604 habere
898 1521 1047 1610 jusserit.

363 1725 416 1814 no
429 1719 543 1814 morte.
563 1783 593 1794 ·
616 1743 670 1814 Sie
688 1742 789 1832 igitur
802 1741 980 1812 Lueretius
991 1741 1124 1845 videbor
1137 1740 1262 1836 obboe
1272 1749 1356 1830 tan<

315 1874 387 1938 lum
411 1866 451 1944 ad
481 1866 630 1936 intimam
645 1885 755 1935 rerum
770 1872 925 1942 naturam
944 1863 1158 1934 descendisse
1176 1872 1213 1933 ul
1229 1853 1358 1940 certius

313 1994 442 2076 posset,
461 1983 596 2076 Epicuri
611 1983 807 2076 exemplum
823 1992 973 2067 secutus,
998 1993 1117 2054 «trans
1128 1984 1250 2054 moenia
1264 2003 1359 2054 mun-

315 2105 379 2175 di»
421 2107 568 2176 evolare.
594 2105 739 2196 Etenim,
768 2104 849 2174 vitm
865 2104 1079 2174 miseriarum
1101 2103 1253 2187 horrore,
1275 2103 1357 2174 virae

313 2226 621 2317 exitumquaesivit,
639 2224 875 2318 exultavitque
888 2233 1015 2296 tantum
1030 2236 1177 2317 reperto,
1191 2235 1240 2306 ut,
1251 2235 1358 2296 eerlae

314 2356 520 2440 aeternaequo
545 2349 658 2436 mortis
690 2347 761 2426 udo
778 2348 846 2436 jam
878 2345 1070 2432 contentus,
1109 2349 1189 2419 nihil
1214 2327 1357 2450 amplios

316 2471 400 2542 seire
412 2480 471 2541 aut
484 2470 610 2542 dooere
625 2471 738 2542 vellet.
760 2469 844 2541 Hine
858 2470 953 2561 quasi
971 2477 1081 2564 parles
1095 2449 1253 2542 humanae
1266 2449 1355 2562 gen·

316 2593 515 2678 tisaeturus,
534 2579 649 2664 mortis
661 2593 840 2685 sperandae
853 2591 1071 2682 amandaeque
1085 2569 1233 2660 rationes
1245 2567 1354 2664 aoou-

316 2715 435 2800 mulal,
455 2735 639 2807 omnesque
662 2690 880 2806 philosophiae
901 2695 990 2783 vires
1016 2721 1050 2781 el
1068 2713 1252 2786 carminum
1276 2711 1355 2802 ille-

320 2836 452 2920 oebras,
477 2836 519 2906 ad
537 2836 666 2908 animos
682 2837 738 2907 tali
756 2858 815 2927 spe
835 2845 868 2906 et
882 2835 937 2907 tali
952 2855 1065 2904 amore
1077 2833 1261 2926 implendos
1279 2813 1354 2904 vie-

317 2959 501 3052 loriamque
528 2960 615 3044 bano
629 2958 843 3030 obtinendam
860 2956 996 3028 adhibet
1013 2954 1084 3052 (l).

366 3081 483 3176 ltaque
497 3081 597 3168 deos,
609 3081 643 3152 id
662 3089 714 3154 est¹
729 3080 809 3151 illud
828 3079 993 3174 quonihil
1008 3077 1117 3170 majus
1132 3078 1353 3172 concipimus,

317 3209 419 3293 negat
433 3221 507 3272 esse
523 3203 613 3294 quod
627 3203 693 3272 vita
705 3202 832 3271 iruatur
846 3201 1078 3293 mundumque
1085 3199 1216 3270 ‘crearit
1230 3208 1265 3269 et
1276 3179 1355 3298 erm-¹

318 3324 435 3405 tinent,
455 3333 554 3415 atque
568 3324 614 3416 ita
636 3343 697 3393 nos
712 3333 893 3415 nostraque
918 3333 1078 3394 aeteruam
1094 3322 1135 3393 ad
1152 3323 1254 3394 vitam
1278 3299 1353 3392 s'er·⁴

320 3465 402 3514 vare
426 3447 543 3536 possit.
567 3444 704 3528 Contra,
731 3426 919 3546 pronuntiat
936 3446 1024 3540 quod
1042 3425 1123 3516 deos
1145 3444 1357 3516 nominamus

321 3588 396 3638 esse
410 3568 443 3638 in
463 3569 567 3654 inani,
584 3577 685 3659 alque
700 3569 744 3640 ibi
763 3578 924 3640 aeternum
944 3570 1187 3660 immotumque
1201 3588 1353 3652 manere,

322 3689 485 3761 mundum
502 3699 615 3761 autem
633 3712 698 3763 non
719 3713 738 3760 e
760 3690 883 3778 nihilo,
903 3689 934 3759 id
965 3699 1049 3760 este
1066 3689 1144 3778 diis,
1168 3689 1227 3760 sed
1244 3709 1304 3781 per
1318 3709 1357 3762 se

314 3877 317 3892 '
360 3883 512 3990 (mrum,
534 3885 974 3997 rra-rr'orpvp,'aria-mor,
992 3882 1082 3996 adm
1098 3913 1357 4006 descriptioneque
1389 3987 1391 3997 1

318 4032 398 4081 suum
411 4031 510 4088 mama
521 4017 671 4090 eonoludit,
683 4019 718 4074 ad
730 4018 758 4074 id
769 4033 852 4104 unurp
863 4019 975 4079 tondere
984 4017 1103 4088 ridetur,
1119 4027 1161 4092 ut,
1177 4019 1242 4092 uita
1254 4016 1357 4100 amoris

320 4119 393 4188 loeo,
407 4120 470 4176 vita
484 4119 581 4175 horror
591 4119 700 4175 lectoris
710 4121 801 4178 animo
810 4120 956 4186 inlieialur.
