3086 5068
636 512 677 538 .-
699 480 736 538 Ἄ
760 509 798 522 ·-

196 629 270 705 cus,
290 607 440 706 omnium
459 626 533 721 quee
545 606 636 694 tiuut
650 607 863 700 principium,
885 607 958 700 ipsc
974 606 1148 680 materiem
1165 627 1237 680 ucu
1341 630 1344 638 ·

197 731 349 826 undique
366 731 522 824 stipatam
539 751 616 810 csse
635 730 785 824 requirit.

277 877 454 956 Quapropter
464 882 542 961 lucus
555 889 597 940 est
606 881 724 940 intectus
737 881 818 937 inune
829 893 997 956 vectusque,

279 985 401 1058 Quodsi
413 1004 471 1046 ucu
481 996 570 1064 esset,
581 988 776 1046 ueneratione
790 989 895 1056 moveri
944 1039 947 1048 .

279 1091 337 1150 Res
346 1103 470 1167 possent.

247 1232 404 1308 imcsiuc
416 1233 505 1304 inani
518 1232 610 1302 uuila
626 1241 720 1311 esset¹
732 1251 842 1304 rerum
858 1241 977 1304 nutura
994 1255 1002 1304 :

279 1389 311 1450 Si
322 1393 429 1452 nullum
444 1393 528 1463 fouet,
540 1394 615 1451 haud
625 1409 739 1467 usquam
754 1394 807 1451 sita
816 1409 931 1466 corpore
943 1402 1057 1468 possent

278 1495 370 1558 uase„

200 1679 202 1684 .
248 1627 482 1719 Inane-igitur,
496 1627 586 1719 quod
603 1629 715 1699 omniu
729 1627 889 1716 continet,
903 1628 936 1698 iu
950 1651 1016 1720 quo
1032 1630 1067 1698 stt
1081 1628 1234 1700 omniunt

198 1749 329 1844 tapsus,
346 1771 505 1844 suprema
520 1761 658 1843 apparet
671 1751 829 1834 conditio,
846 1751 1046 1844 ultraquam
1066 1751 1114 1822 ire
1130 1751 1234 1836 nefus,

198 1882 233 1946 ct
248 1893 323 1965 quae
338 1873 397 1945 toti
411 1895 523 1944 rerum
537 1874 645 1944 ordini
664 1875 830 1966 praesidet.
860 1875 921 1944 Per
932 1873 1011 1944 illud
1025 1872 1112 1944 enim
1126 1873 1236 1944 ¹scium

198 2003 338 2086 possunt
364 2013 476 2065 rerum
500 1995 664 2066 cicmcuta
688 1995 882 2086 cougregati
897 2005 998 2086 atque
1013 1995 1163 2087 sejungi,
1184 2016 1238 2065 res

197 2116 281 2206 ipse
309 2119 411 2186 certis
436 2115 616 2186 intervallis
637 2116 806 2208 certisque
831 2115 946 2186 soumis
972 2116 1143 2208 distingui.
1177 2115 1239 2186 Per

199 2235 299 2320 ittuu,
312 2255 387 2326 quae
402 2235 476 2305 sinc
491 2256 531 2306 cc
542 2236 720 2307 immohttts
735 2237 981 2329 infecundaque
993 2237 1156 2328 jacuisset
1170 2258 1240 2308 ma·

199 2358 320 2443 toties,
350 2377 392 2427 ne
420 2357 494 2428 rudi
516 2358 652 2449 quidem
670 2358 913 2450 indigestaeque
932 2359 1009 2428 moti
1032 2360 1169 2446 similis,
1192 2361 1242 2430 vi-

199 2497 280 2550 vere
304 2479 442 2570 incipit,
462 2487 579 2570 utque,
610 2479 694 2550 mire
717 2477 917 2549 fecunditate
945 2477 1158 2563 exubeuauS,
1186 2501 1240 2551 res

199 2597 446 2670 diversissimas
470 2600 666 2691 producere.
690 2599 796 2690 Ergo,
830 2599 892 2669 nisi
916 2601 951 2669 iu
977 2599 1066 2670 iueui
1086 2620 1161 2670 sese
1180 2621 1241 2671 ex·

200 2719 343 2812 pendet,
374 2728 432 2790 eut
462 2719 562 2792 inane
592 2720 682 2793 intus
714 2721 874 2812 suscipiet
909 2721 1080 2809 materies,
1122 2721 1238 2792 uescic

200 2843 280 2937 quid
308 2845 383 2918 siue
401 2845 489 2930 vitu,
513 2844 727 2928 sincicum,
747 2846 820 2927 siue
838 2844 967 2929 enimc,
989 2844 1062 2914 siue
1086 2845 1139 2916 sui
1158 2866 1240 2916 ccu-

199 2965 352 3056 scientia,
369 2976 404 3039 et
421 2968 508 3059 quud
528 2990 563 3038 ue
578 2988 659 3038 vera
674 2988 739 3038 uon
756 2967 887 3060 concipi
909 2987 1018 3058 neque
1033 2987 1109 3038 esse
1123 2973 1240 3058 queck

200 3089 650 3162 aetccuumsitnecessccst.
1229 3093 1233 3102 '

246 3209 297 3280 Nc
307 3209 398 3282 dices
409 3219 522 3282 tamen
536 3233 592 3282 resw
607 3233 626 3282 c
643 3210 746 3282 nihilo
761 3211 879 3282 creari.
892 3209 1002 3300 Negat
1016 3193 1106 3280 cuitu
1119 3207 1244 3280 Lucre·

203 3330 270 3402 tius
290 3329 452 3403 muudum
467 3353 542 3404 esse
561 3335 699 3404 sormam
717 3331 854 3402 omuino
874 3331 1027 3417 inanem,
1043 3331 1243 3422 quamqu12

203 3451 280 3524 dem
304 3453 395 3524 ictus
413 3453 549 3546 spiritus
572 3454 641 3524 aiut
665 3453 737 3546 ipsc
754 3452 893 3540 ineuis;·
913 3471 1032 3522 uerum
1054 3452 1244 3543 pronuntiet

203 3573 275 3666 ipse
286 3577 360 3646 siue
374 3575 463 3646 iueui
476 3576 755 3668 cssepuimcudiu‚
764 3576 886 3666 quibus
899 3593 979 3644 vere
990 3582 1118 3643 constat
1132 3593 1242 3643 rerum

203 3707 333 3770 nutura.

250 3921 302 3990 Dc
315 3917 556 3992 clincmiuc.-
574 3919 718 4014 Objieies
729 3931 841 4018 temen
853 3917 1153 4014 tibiuouupperere
1164 3937 1244 4013 quu-

204 4039 302 4111 mcdc
317 4044 454 4134 corpure
466 4040 571 4130 sctida
586 4049 621 4112 et
633 4061 736 4124 caeca,
752 4038 926 4131 dequibus
943 4039 1025 4110 nihii
1040 4037 1242 4130 ampliusdi·

206 4183 282 4236 cere
305 4185 430 4257 queas,
450 4165 511 4236 nisi
535 4185 575 4236 cu
593 4165 765 4235 innumere
787 4173 947 4256 perpetuo
972 4169 1062 4233 motu
1081 4161 1240 4232 deorsum
