3086 5068
621 469 781 527 ..θμ

231 601 316 686 Quid
342 595 443 692 igitur
470 599 591 669 mirum
611 601 696 692 quod
724 599 812 693 apud
838 599 1016 684 Romanos,
1033 611 1134 673 aelate
1150 601 1221 672 ln-

181 725 288 807 cretii,
304 724 337 795 in
350 731 574 794 tantamorum
592 723 802 813 corruptione
821 731 921 814 atque
934 723 1084 796 omnium
1101 741 1215 796 rerum

181 843 381 936 ignorantia,
413 842 565 932 plerique
597 841 637 910 ad
664 863 737 910 cam
766 842 952 912 doctrinam
980 864 1055 914 sese
1084 843 1220 914 inierint

183 987 259 1057 quae
278 984 342 1034 non
364 964 528 1035 rationem
554 963 734 1034 extollebat
751 964 951 1057 animosque
970 965 1012 1035 ad
1028 965 1122 1037 lorlia
1136 967 1221 1058 erigi

180 1085 336 1176 jubebat,
358 1086 416 1156 sed
442 1084 523 1154 nihil
539 1084 602 1155 nisi
621 1085 710 1154 oruoi
726 1106 761 1156 re
782 1085 950 1156 abstinere
968 1096 1000 1156 et
1019 1107 1144 1157 eaecam
1163 1107 1223 1157 se-

184 1187 238 1297 qui
271 1205 475 1278 voluntatem
508 1206 721 1297 praescribere
753 1203 949 1276 uidebatur!
977 1207 1130 1299 Plerique
1151 1206 1222 1296 iam

185 1338 350 1417 prouertu
376 1326 543 1398 habebant
568 1327 647 1398 solis
669 1329 823 1399 sensibus
845 1349 918 1401 esse
936 1328 1035 1399 iidem
1059 1329 1223 1401 adhiben-

184 1449 275 1530 dam,
292 1448 352 1519 soli
371 1445 530 1540 voluptati
548 1447 807 1538 indulgendum,
828 1456 863 1520 et
880 1469 944 1521 nou
961 1451 1075 1521 divina
1094 1450 1222 1521 civilia·

186 1568 427 1662 quebona,sed
441 1569 580 1661 privata,
592 1589 667 1656 quae
677 1569 740 1660 ipsi
753 1590 832 1639 vere
842 1571 1018 1659 sentirent,
1030 1593 1104 1642 esse
1116 1572 1226 1664 requi·

186 1691 301 1761 renda.
322 1692 395 1775 Quo
414 1691 519 1782 magis
537 1691 691 1762 civilibus
711 1690 806 1760 bellis
827 1701 906 1762 trrnc
929 1692 1069 1763 Romani
1089 1693 1224 1764 labora-

186 1813 280 1899 bant‚
294 1812 404 1882 aliena
421 1810 485 1881 lata
503 1812 594 1882 iuviti
616 1821 809 1902 sequentes,
828 1835 868 1883 eo
892 1813 1000 1903 magis
1020 1833 1137 1904 pacem
1158 1833 1224 1904 qua

186 1933 249 2023 ipsi
258 1931 696 2003 lruerenlurdesiderabanl.
713 1930 827 2022 thuo
840 1933 945 2023 magis
955 1934 1132 2022 praesentia
1143 1942 1227 2002 tcm-

189 2073 268 2144 pora
289 2054 378 2123 omni
393 2063 523 2144 sperata
538 2053 691 2123 iclicilate
713 2053 881 2124 frustratos
899 2075 958 2124 eos
974 2054 1224 2147 relinquebant,

188 2193 228 2242 eo
246 2174 352 2264 magis
373 2193 466 2244 caeco
484 2174 608 2243 mentis
631 2173 750 2242 ardore
773 2173 813 2242 ad
834 2173 947 2245 nescio
968 2175 1046 2266 quid
1077 2195 1225 2257 novum,

188 2297 385 2382 inauditum,
401 2297 459 2367 toli
474 2296 680 2378 ferebantur,
699 2295 983 2387 quodinerpletas
1001 2318 1117 2368 eorum
1135 2298 1229 2390 cupi·

188 2419 311 2490 dilates
325 2418 456 2489 taudem
473 2421 628 2504 satiaret,
645 2428 679 2489 et
691 2419 840 2509 singulos
854 2439 913 2509 pro
932 2419 1052 2490 merito
1070 2439 1153 2508 suo,
1175 2418 1226 2491 vel

191 2542 300 2636 potius
314 2563 371 2633 pro
389 2542 530 2612 miseriis
541 2542 624 2628 suis,
642 2543 757 2632 ignota
771 2551 948 2634 optataque
960 2541 1114 2614 felicitate
1128 2551 1229 2614 aeter-

191 2686 270 2736 uum
290 2665 444 2735 donaret.
465 2663 689 2756 Deniquelere
705 2683 824 2732 omnes
843 2684 932 2734 caeca
946 2664 1112 2748 voluntas,
1129 2686 1147 2735 e
1162 2666 1231 2736 vita

193 2788 330 2856 nimium
347 2785 497 2857 externis
512 2783 811 2874 communibusque
835 2785 977 2856 miseriis
999 2788 1159 2872 exercita,
1188 2789 1229 2860 ad

192 2910 337 3002 quietem
349 2908 446 2978 morti
460 2906 677 2994 simillimam,
689 2915 722 2976 et
732 2906 772 2975 ud
786 2905 915 2997 aliquod
927 2928 1071 2979 vacuum
1086 2918 1120 2981 ct
1134 2910 1230 2980 inane

192 3031 286 3124 cujus
310 3030 398 3101 dulci
417 3028 617 3101 conscicntia
635 3049 709 3099 sese
732 3027 888 3098 fruituros
909 3030 1099 3120 fingebant,
1124 3033 1230 3104 deeli-

194 3174 273 3225 nare
287 3153 441 3246 lubebat,

242 3277 465 3345 Romanorum
486 3273 585 3365 igitur
609 3275 750 3359 animos,
778 3275 873 3344 malis
887 3273 1031 3364 publicis
1044 3285 1078 3346 et
1097 3276 1232 3368 privatis

195 3398 284 3468 vitiis
297 3416 488 3489 oppressos,
509 3395 552 3464 ita
570 3394 666 3465 facile
687 3395 727 3464 ad
747 3415 783 3465 se
802 3394 967 3466 convertit
980 3403 1080 3489 atque
1098 3401 1234 3490 excepit

198 3517 331 3611 Epicuri
360 3517 530 3601 doctriua,
555 3525 592 3586 ut
615 3517 723 3586 minus
750 3521 798 3588 cis
820 3516 938 3608 praeire
962 3539 1063 3610 quam
1095 3540 1153 3590 eos
1177 3541 1234 3590 se·

199 3643 255 3734 qui
290 3642 362 3711 visa
391 3640 447 3711 sit.
484 3639 591 3724 Quam
621 3639 818 3722 doctrinam,
848 3641 997 3731 ipsorum
1023 3642 1233 3714 imbecillita-

199 3766 223 3834 ti
240 3764 321 3834 mire
335 3763 640 3844 accommodatam,
659 3761 847 3851 nulliusque
862 3762 997 3832 virtutis
1024 3764 1232 3855 magistram,

199 3887 344 3978 amplexi
365 3884 712 3975 sunu‘reltnqoentes
744 3885 880 3954 stoicam
907 3883 1089 3956 doctrinam
1119 3888 1236 3978 paucis

201 4011 240 4079 iis
255 4009 333 4080 uiris
346 4008 463 4101 quibus
486 4007 620 4098 antiqua
643 4005 782 4097 publicae
799 4006 962 4078 libertatis
973 4008 1127 4100 exempla
1137 4017 1238 4080 aeter·
