3086 5068
756 461 850 528 ,ῃ
875 503 912 513 ..

314 617 317 624 ’
352 603 406 673 Sic
427 603 640 673 Philodemus
659 610 692 671 et
716 601 889 674 Lucretius
916 603 975 674 Dei
998 612 1033 674 et
1051 590 1164 675 rerum
1189 595 1341 678 naturum

305 724 481 816 separatim
502 725 624 818 requiri
639 735 672 798 et
693 725 820 796 definiri
838 726 976 818 jubent,
999 735 1035 798 ut
1057 727 1284 818 ignorantiam
1311 739 1344 799 et

304 868 438 918 omnem
457 849 556 919 animi
576 849 859 940 perturbationem
881 871 1058 920 exuamus.

352 970 426 1040 Sola
440 972 493 1042 via
505 973 546 1042 ad
558 971 744 1044 felicitatem
756 993 825 1052 non
838 972 961 1064 omnia,
971 972 1159 1044 stoicorum
1173 973 1292 1057 instar,
1309 981 1346 1042 ut

307 1089 392 1160 bona
409 1099 444 1160 et
455 1091 551 1162 nobis
563 1093 810 1163 accommodata
824 1093 958 1163 laudare
973 1101 1071 1185 atque
1087 1093 1258 1186 amplecti,
1277 1115 1346 1163 ue-

306 1233 384 1304 que‚
397 1213 567 1306 religionis
581 1235 686 1298 more,
699 1223 733 1284 ut
746 1217 833 1286 mala
841 1223 874 1286 et
885 1215 979 1286 uobis
991 1215 1118 1286 intensa
1128 1216 1287 1286 damnare
1295 1224 1347 1286 at·

305 1352 373 1424 que
395 1334 550 1423 horrere3
569 1356 685 1405 verum
709 1335 837 1406 discere
851 1336 931 1428 quid
953 1345 1102 1408 nostrum
1124 1344 1160 1407 et
1181 1336 1343 1426 alienum,

308 1455 386 1547 quid
402 1457 525 1526 bonum
541 1465 574 1526 ct
585 1458 720 1546 malum,
739 1457 815 1550 quid
834 1458 918 1527 Deos
932 1468 966 1528 ct
979 1479 1090 1528 rerum
1110 1467 1346 1530 ueturamesse

306 1575 471 1668 dicamus,
487 1589 588 1671 atque
600 1581 712 1668 smol,
730 1602 815 1672 quas
828 1579 1184 1653 labulasratiouiuandi
1196 1583 1344 1654 autima-

304 1698 441 1789 ginandi
455 1699 506 1769 vis
514 1702 769 1792 excogitaverit,
786 1702 918 1772 omuino
933 1702 1119 1774 dediscere.

355 1821 464 1906 Quum
480 1823 679 1894 animumne
694 1825 817 1894 malunt
829 1825 870 1896 ab
895 1827 1014 1918 injusta
1028 1827 1217 1898 divinarum
1234 1827 1347 1920 physi·
1453 1839 1458 1847 “

306 1963 489 2038 currumque
502 1968 613 2016 rerum
628 1949 821 2018 confusione
831 1950 977 2032 oriatur,
994 1969 1131 2042 necesse
1147 1958 1201 2020 est
1214 1956 1343 2020 attenta

305 2069 478 2161 utriusque
495 2069 646 2142 scientiae
663 2069 827 2142 distinctio
844 2092 918 2156 oos,
935 2074 1024 2141 omui
1039 2072 1119 2142 falsa
1135 2072 1289 2164 opinione
1307 2073 1344 2141 li-

308 2190 451 2274 beratos,
477 2192 518 2261 ad
539 2192 627 2262 viam
653 2213 732 2262 vere
757 2192 886 2263 felicem
903 2194 1014 2264 ducat.
1039 2195 1120 2279 Quae
1138 2203 1192 2264 est
1223 2194 1344 2265 utilitas

308 2311 524 2405 physiologiae
538 2314 595 2404 Dei
617 2305 757 2384 scientia
773 2325 980 2406 ert-purgatae.
1006 2315 1052 2386 lbi
1070 2335 1187 2386 omnes
1209 2315 1342 2408 Epicuri

306 2435 461 2528 discipuli
470 2437 700 2522 consentiunt,
718 2445 764 2524 et,
775 2438 1211 2529 antequamad‘Lucretium
1227 2437 1344 2510 venta-

307 2577 402 2645 mus,
422 2557 561 2628 alterum
580 2558 730 2649 ejusdem
749 2558 908 2628 doctrinae
931 2561 1171 2650 interpretem,
1190 2557 1344 2650 quamvis

308 2683 493 2772 interrupto
506 2699 661 2750 sermone
677 2680 883 2771 loquentem,
905 2680 1020 2750 audire
1032 2680 1192 2771 placebit.

359 2977 446 3046 Loca
468 2971 684 3071 plrpeiolopiae
712 2973 803 3070 opud
833 2974 1077 3070 Polystratum.
1107 3015 1154 3028 -
1188 3003 1206 3038 ι(
1236 2975 1343 3060 Quae-

307 3119 450 3192 eumque
468 3119 555 3169 vane
569 3098 714 3169 animum
729 3099 921 3192 perturbant
935 3098 1062 3169 aulerat
1076 3099 1210 3191 sapiens
1218 3124 1230 3187 3
1255 3097 1344 3190 quod

308 3221 379 3291 beri
399 3241 465 3293 nou
484 3220 601 3314 possit,
621 3221 682 3292 uisi
707 3219 915 3312 exquirendo
941 3229 1100 3312 agnoscat
1128 3242 1183 3290 res
1200 3229 1346 3310 pertur-

307 3344 475 3414 bationem
488 3345 664 3415 allerentes
675 3366 749 3415 esse
765 3334 910 3415 fallaces.
928 3343 1012 3428 Quae
1034 3343 1223 3434 meditetur,
1244 3344 1343 3414 sani-

308 3467 386 3537 tatis
399 3487 513 3537 curam
528 3488 650 3558 gerens
667 3491 675 3536 :
693 3467 825 3538 sienim
844 3447 991 3552 sanatur,
1011 3491 1055 3539 ne
1070 3468 1111 3539 ab
1129 3489 1193 3538 una
1210 3467 1343 3559 quidem

309 3589 425 3659 irarum
438 3589 743 3660 rerumturbubitur
763 3611 780 3658 a
801 3589 921 3682 quibus
935 3611 1024 3660 nunc
1037 3589 1198 3662 turbatur.
1214 3587 1344 3658 Etenim

308 3733 392 3804 ego..
405 3712 544 3806 inquiet,
566 3713 598 3783 id
612 3712 706 3793 novi,
727 3712 826 3804 idque
845 3713 965 3804 cupio,
982 3714 1084 3784 immo
1100 3712 1135 3783 id
1153 3709 1344 3810 (l)ceusec

309 3839 374 3925 quo
395 3834 511 3904 instrui
527 3843 646 3926 satago
650 3884 741 3905 ......
761 3835 841 3905 lure
857 3834 1107 3926 igiturumnem
1124 3835 1352 3927 perturbatio-1
1406 3830 1412 3840 '

348 4076 399 4159 (l)
415 4079 661 4139 Herculanensium
676 4081 846 4140 uoluminum
863 4097 928 4152 quae
945 4092 1093 4154 supersunt
1111 4081 1160 4138 lib.
1177 4095 1219 4137 rr.
1233 4112 1268 4122 -
1289 4076 1342 4136 Po-

309 4187 415 4260 lpstrati
430 4183 470 4242 [le
483 4187 585 4258 injusto
594 4195 764 4262 contemptu,
776 4189 829 4245 ool.
847 4187 875 4244 l.
