3086 5068
762 493 801 504 ..
824 460 860 518 52
884 491 921 502 ...

371 589 514 676 Etenim,
544 593 571 660 si
601 589 645 658 dii
669 597 746 660 sunt
764 587 886 679 otiquid
914 608 981 678 qno
1011 587 1096 660 nihii
1123 588 1357 680 majusittos,

321 721 358 782 ut
384 716 552 802 sapientes
585 721 620 782 et
643 713 798 781 immotos
829 719 862 781 et
890 718 1099 794 constantes,
1126 711 1212 782 omni
1245 733 1358 784 rerum

322 835 505 904 mutatione
528 854 640 906 000000
664 851 840 924 agnoscas.
864 831 959 916 Quod
983 832 1172 914 simundus
1198 853 1263 905 non
1282 853 1359 924 per·

320 953 425 1024 iectus
451 957 494 1025 sit
519 955 830 1046 nequissimum,
857 973 933 1022 eum
957 953 1066 1024 dinero
1087 975 1235 1045 nequens
1263 955 1359 1024 divi-⁴

319 1097 400 1148 nom
416 1096 513 1166 opus,
532 1077 619 1166 quod
642 1075 731 1145 nutto
759 1076 823 1144 doe
841 1075 1045 1144 includetur.
1064 1073 1250 1156 Dummodo
1267 1075 1358 1146 enim

319 1220 372 1270 res
390 1207 516 1268 attente
530 1199 703 1278 scruteris,
721 1218 778 1266 ees
794 1197 977 1287 perspicias
995 1170 1096 1267 uentis
1111 1197 1259 1267 numeris
1275 1217 1359 1268 oer-

321 1323 430 1414 tisque
457 1321 562 1390 modis
581 1320 702 1388 finitas.
723 1319 778 1389 Est
799 1340 879 1408 ergo
894 1320 927 1388 in
947 1320 996 1388 eis
1019 1318 1142 1409 aliquid
1167 1318 1253 1408 quud
1277 1338 1359 1409 000·Ι

320 1445 400 1536 neiis
419 1442 548 1534 tegibus
568 1442 703 1530 regitur.
725 1441 834 1510 tioudi
850 1440 1018 1531 praeoipua
1039 1442 1092 1510 tex
1108 1449 1159 1510 est
1172 1439 1363 1520 seeundum

314 1566 440 1655 justum
452 1564 602 1636 ordinem
620 1571 780 1652 perpetuu
796 1565 927 1632 motuni.
944 1563 1037 1647 Quod
1053 1563 1084 1632 io
1097 1563 1160 1633 hoo
1175 1563 1362 1664 mutatione

318 1690 447 1760 varium
462 1689 609 1758 dxnmve
624 1688 685 1768 sit,
706 1687 761 1755 tibi
784 1687 1000 1776 quaerendum
1023 1687 1204 1776 seuumque
1231 1692 1359 1756 noton-

319 1810 419 1894 dum‚
448 1830 489 1878 ne
512 1809 676 1878 inlinitum
703 1828 781 1876 oum
809 1808 921 1888 finito,
952 1808 1148 1899 ignotosque
1173 1808 1257 1878 deos
1279 1828 1369 1880 etim.

321 1931 460 2014 mondo,
476 1952 609 2020 semper
626 1928 818 2018 ignorando,
838 1929 1033 1998 contundes.
1064 2007 1067 2012 ,
1179 2025 1181 2032 y

368 2053 477 2137 Quum
491 2054 575 2135 vite,
601 2071 702 2142 quum
721 2051 770 2119 ms
785 2051 816 2120 iu
837 2051 933 2120 terris
947 2051 1104 2138 vivimus,
1134 2053 1222 2128 sinito
1235 2056 1293 2140 sit,
1323 2064 1361 2125 et

319 2175 418 2259 finitis
437 2175 536 2243 rebus
558 2175 728 2256 immixto,
751 2171 830 2240 nihii
850 2172 944 2241 uobis
966 2175 1135 2265 audiuimus
1159 2197 1233 2248 esse
1255 2177 1357 2246 debet

319 2320 418 2390 quum
430 2297 827 2387 hujusnnturoespeeiem,
839 2299 944 2389 quatis
960 2319 1037 2368 vere
1052 2301 1107 2376 sit,
1125 2301 1357 2391 contemptori,

319 2420 429 2489 omniu
464 2399 643 2508 prudentor
668 2401 922 2490 observantibus
951 2428 984 2490 et
1015 2421 1282 2507 conferentibus,
1315 2442 1369 2515 ne.

320 2544 478 2614 mundum
489 2542 594 2626 hune,
609 2543 704 2632 quusi
720 2541 800 2624 nihii
815 2552 917 2629 esset,
934 2544 976 2614 ud
992 2545 1081 2636 quud
1094 2566 1173 2616 0000
1185 2554 1236 2616 est
1251 2553 1364 2630 truns-¹

318 2665 472 2755 fugituri,
487 2665 586 2734 eitius
602 2666 845 2755 relinquemus.
864 2664 1023 2748 Quemvis
1037 2677 1204 2749 mutetur,
1215 2685 1281 2737 non
1296 2687 1360 2738 nos

319 2790 452 2858 omnino
471 2787 566 2874 fugit,
588 2796 679 2857 uerte
689 2787 813 2876 aliquid
841 2789 920 2857 000ιί
933 2797 967 2858 et
981 2788 1076 2860 sotidi
1096 2789 1259 2882 eontinet,
1287 2789 1359 2860 suis

320 2908 449 2997 tegibus
473 2916 506 2976 et
530 2927 591 2977 suo
615 2907 679 2976 tuto
703 2906 1007 2993 accommodatum,
1027 2909 1115 2999 quod
1139 2919 1288 2980 nostrum
1306 2918 1359 2979 est

319 3031 405 3101 scire
431 3041 463 3101 et
484 3031 608 3100 001000.
627 3030 697 3113 Qua
715 3030 805 3098 enim
823 3029 1011 3103 conditione
1031 3032 1117 3102 beati
1133 3033 1272 3116 enimus,
1294 3032 1364 3102 nisi.

319 3160 450 3232 oetmue
465 3151 702 3223 couvenientes
716 3148 896 3220 vivemus?
914 3160 948 3224 et
963 3151 1053 3221 unde
1076 3151 1138 3222 iste
1155 3152 1250 3222 nobis
1267 3171 1357 3222 con-

320 3274 483 3345 uenientia
497 3283 617 3362 praesto
630 3273 707 3356 erit,
725 3271 797 3340 nisi
807 3291 882 3341 eom
896 3271 1046 3342 soientiee
1056 3271 1369 3362 dehitamobtineac2

321 3395 418 3466 mus?

368 3517 463 3602 Quod
482 3519 564 3588 mine
580 3516 747 3594 intellexit
767 3525 871 3608 etque
883 3519 1058 3591 ittustmvit
1074 3520 1264 3610 00000οἰ00,
1275 3520 1362 3590 onia

320 3661 411 3711 mum
431 3641 521 3710 omni
538 3661 649 3713 000000
673 3650 774 3731 etque
792 3640 876 3711 meto
893 3651 1104 3734 purgaturus.
1124 3644 1204 3714 Haee
1220 3653 1272 3714 est
1286 3644 1359 3733 ejus

319 3763 428 3855 operis
447 3783 523 3856 pots
539 3765 571 3832 io
590 3783 656 3855 qua
670 3763 831 3854 impunis
845 3761 899 3833 itte
915 3773 949 3836 et
961 3768 1077 3836 oaeteui
1092 3766 1223 3858 Epicuri
1248 3765 1358 3835 disei-

319 3886 384 3977 puti
400 3905 478 3954 oum
495 3884 607 3955 stoicis
618 3885 845 3956 consentiunt.
860 3887 960 3969 Quod
978 3887 1020 3958 de
1036 3886 1356 3968 utititutesoientiae,

320 4016 465 4076 mentem
489 4005 664 4075 unitionem
692 4007 787 4076 venis
812 4009 991 4078 terroribus
1008 4007 1288 4099 cupiditatibosve
1308 4005 1358 4078 le·

321 4126 491 4196 norontem
504 4127 798 4220 senatonmdinit,
811 4128 904 4201 iooite
916 4128 1090 4221 sopieotiae
1100 4129 1164 4220 ipsi
1173 4127 1369 4222 approhare¹
