3086 5068
757 517 797 528 -
821 483 856 540 18
878 511 917 526 .-

320 625 474 708 promptu
486 637 560 688 esse
569 615 757 686 felicitatem
767 615 886 684 iterum
896 621 995 702 atquc
1010 611 1131 682 iterum
1146 609 1240 692 dicit,
1252 628 1353 700 quam

321 740 499 809 nonmulto
514 738 625 808 labore
640 746 910 828 extorqueamus,
923 735 982 804 sed
997 741 1246 824 quamextensa
1256 751 1355 806 nrautt

319 880 510 951 carpamus,
525 859 703 929 dummodo
713 858 751 928 iis
767 859 872 927 simus
882 854 1009 926 similes
1021 853 1076 945 qui
1090 873 1202 944 pausa
1217 853 1356 943 cupiunt

320 992 447 1073 siquos
463 985 616 1072 pauciora
628 983 742 1052 beatos
756 979 892 1052 laeiuut.
904 978 1022 1048 Nostra
1035 978 1125 1048 enim
1137 975 1221 1046 tona
1233 975 1260 1045 si
1276 994 1356 1044 vere

320 1104 795 1208 noverimus,lelieeserimus.

398 1289 481 1360 Nam,
492 1292 515 1348 si
528 1293 590 1364 quis
602 1307 667 1348 vera
678 1291 761 1356 vitam
774 1291 878 1348 ratione
891 1291 1043 1364 gubernet,
1094 1370 1098 1376 .

398 1393 510 1454 Divitiae
521 1396 638 1470 grandes
652 1395 756 1452 homini
769 1404 833 1460 sunt
846 1395 940 1452 vivere
950 1410 1044 1467 parce,

398 1499 491 1574 AEquo
503 1501 613 1558 animo:
628 1500 801 1573 nequeenim
815 1508 987 1572 estnequam
1001 1499 1116 1572 penuria
1126 1500 1204 1571 perri
1218 1493 1280 1575 (l).

400 1602 474 1678 Ergo
483 1619 643 1676 corpoream
653 1605 688 1659 ad
701 1611 825 1660 naturam
837 1617 924 1674 pauca
938 1601 1065 1659 ridemus

397 1704 467 1764 Esse
482 1723 552 1780 opus
564 1707 688 1775 omnino,
705 1723 767 1779 quae
777 1707 888 1764 demant
897 1706 1154 1781 uunquetlolorem3

399 1809 520 1868 Delicias
530 1826 640 1884 quoque
652 1811 691 1868 uti
704 1809 803 1868 multas
815 1811 991 1866 substernere
1001 1810 1123 1881 possiam

399 1912 510 1972 Gratius
520 1916 656 1972 interdum
669 1930 760 1986 neque
770 1923 866 1970 natura
878 1913 938 1984 ipsa
952 1910 1140 1992 requiritffl.

367 2081 459 2166 Quod
474 2083 500 2152 si
520 2091 636 2171 pacata
653 2089 685 2151 et
699 2079 854 2170 prudenti
870 2091 983 2151 mente
995 2081 1160 2170 parabiles
1174 2081 1235 2152 iras
1248 2091 1283 2154 ct
1296 2081 1355 2152 lae·

320 2205 628 2296 tasamplectamur
648 2202 800 2285 divitias,
820 2201 863 2271 ati
882 2204 1074 2274 utilissimos
1097 2224 1254 2287 ususcas
1271 2225 1354 2275 eou-

318 2329 403 2398 lerre
423 2328 616 2418 poterimus,
632 2335 747 2417 atque,
765 2337 878 2397 natura
895 2335 928 2396 et
943 2337 1089 2418 tempore
1102 2328 1354 2414 auxiliantibus,

318 2470 436 2519 omnes
457 2450 577 2540 quibus
600 2449 666 2518 vita
689 2449 810 2540 politur
828 2457 861 2517 et
886 2459 1067 2519 exornatur
1084 2459 1173 2519 artes
1188 2450 1349 2521 invenire.

316 2570 405 2642 Loco
419 2571 519 2662 igitur
534 2572 606 2662 eius
618 2571 787 2654 stultitiae,
802 2589 878 2662 quae
892 2592 953 2640 nos
970 2571 1117 2656 Tantali,
1132 2581 1189 2642 aot
1203 2572 1351 2664 Sisyphi,

317 2706 375 2769 aot
399 2697 535 2779 lxiouis,
564 2707 620 2767 aut
649 2697 864 2770 Danaidorum
889 2691 943 2789 (ὅ)
976 2696 1103 2786 instar,
1131 2698 1228 2788 iubet
1250 2697 1354 2767 inutili

317 2828 437 2894 couatu
454 2817 571 2888 eadem
586 2839 720 2908 sempor
737 2827 886 2901 tentare,
900 2839 975 2909 quae
991 2839 1050 2888 uos
1065 2839 1200 2911 semper
1215 2819 1353 2888 lrustra·⁶

319 2951 370 3014 tos
384 2941 597 3026 excrucient,
615 2950 714 3032 atque
1062 2921 1066 2926 Α

440 3128 524 3204 animi
536 3129 667 3201 ingratam
678 3136 802 3184 naturam
814 3113 927 3200 pascere
942 3144 1063 3200 semper,

377 3230 468 3305 Atque
479 3233 589 3304 explere
600 3232 770 3289 bonisrebus
780 3235 934 3307 satiareque
944 3249 1082 3306 nunquam
1098 3226 1148 3310 (t)

318 3399 466 3468 nascitur
482 3398 619 3468 seientia
637 3396 745 3468 octioe
760 3393 813 3493 (5)
833 3421 908 3490 quae
921 3421 957 3469 se
973 3399 1145 3470 benetieiis
1163 3417 1268 3488 usque
1288 3417 1351 3468 uo-

356 3636 406 3720 (l)
420 3638 476 3708 ld.,
494 3637 721 3709 attio-trra.

355 3741 405 3823 (a)
417 3741 474 3812 ld.,
490 3757 527 3810 rr,
541 3741 644 3799 90-23.

354 3844 405 3928 (3)
420 3847 476 3918 ld.,
492 3847 717 3922 rinocurura.

354 3943 403 4032 (a)
415 3952 471 4024 tu,
488 3969 539 4022 1n,
555 3953 734 4011 roro-tort.

353 4054 404 4136 (a)
419 4055 504 4129 Baco,
519 4056 628 4117 Novum
641 4075 786 4134 organum.
