3086 5068
624 465 784 526 *15*-

193 618 269 694 quae
291 596 409 670 stultas
434 595 608 689 opiniones
627 595 824 666 comitantur
849 603 1030 667 sectatores
1049 618 1127 668 suos
1151 619 1226 668 esso

193 723 378 798 iaoietoum
397 719 487 809 uulgi
503 718 666 805 amentia,
682 716 741 789 seri
762 718 863 788 vitam
877 719 1087 810 tranquillam
1102 741 1183 794 vere
1193 729 1228 792 et

191 837 694 937 lmtuminumnibusesse(i).
719 869 737 904 a
1216 843 1219 852 “

243 1075 547 1178 annuntiatque
553 1075 733 1154 mertum
744 1081 936 1154 tannetum.
950 1121 989 1134 -
1004 1079 1227 1154 iterumnatu·

193 1225 240 1277 rra
253 1206 434 1298 interpres,
450 1210 510 1297 qui
530 1215 667 1277 testatur
684 1205 767 1275 alias
779 1225 853 1275 esso
865 1205 958 1294 teges
970 1225 1068 1296 quam
1082 1206 1227 1278 moratur

193 1331 266 1402 iiius
280 1350 367 1422 quas
380 1328 498 1420 religio
511 1328 574 1399 hoo
592 1328 623 1398 in
638 1329 760 1399 mundo
773 1327 997 1419 nequidquam
1013 1327 1176 1419 qureritet
1188 1349 1226 1398 aa

193 1451 359 1542 reperisse
380 1449 565 1540 profitetur,
584 1468 658 1518 sese
685 1447 745 1518 tert
760 1456 795 1518 et
807 1447 866 1517 Dei
888 1448 1034 1519 soientiae
1053 1457 1086 1518 et
1100 1449 1226 1518 huma*

193 1589 247 1643 uae
262 1571 426 1642 felicitatis
440 1566 494 1666 (2)
508 1570 710 1640 ministrum.
729 1570 836 1641 Certis
851 1571 941 1641 enim
954 1570 1095 1640 includit
1107 1571 1227 1641 finibus

195 1699 343 1763 mentem
367 1698 535 1773 nostram,
562 1691 657 1761 aliter
682 1693 811 1765 uultum
834 1690 970 1763 modum
991 1701 1224 1779 servaturum,

193 1823 296 1907 atque
310 1813 352 1885 de
367 1815 523 1886 omnibus
540 1834 617 1906 quat
629 1815 714 1886 fiunt
728 1815 862 1889 dubiam
879 1825 937 1886 aut
951 1817 1073 1888 mutam
1089 1817 1227 1907 opinio-

191 1953 270 2006 nem
287 1945 403 2009 eontra
423 1935 523 2010 doum
537 1943 572 2007 et
584 1956 646 2006 uos
666 1936 756 2026 ipsos
771 1935 955 2006 inconsotto
970 1955 1223 2006 conuersuram.

191 2057 286 2128 Unde
310 2057 396 2128 enim
422 2057 513 2150 impii
535 2077 664 2128 errores
680 2059 736 2148 qui
754 2078 814 2128 nos
836 2056 879 2126 de
898 2057 1037 2128 deorum
1057 2059 1227 2130 votumate

192 2181 286 2269 queri
297 2177 436 2268 jubent,
460 2176 549 2247 unde
564 2197 664 2269 prava
676 2179 778 2248 animi
794 2177 962 2247 inclinatio
980 2198 1045 2268 qua
1063 2176 1125 2269 ipsi
1144 2198 1229 2248 nos-

190 2305 254 2369 trae
270 2293 397 2370 uaturae
416 2298 544 2370 adversi
567 2301 715 2383 ruimuS,
748 2299 810 2370 nisi
835 2297 924 2392 quod
947 2299 1170 2392 nosmetipsos
1194 2307 1230 2369 et

193 2419 354 2490 mundum
365 2419 543 2512 ¹Deumque
561 2420 777 2511 ignoramus?
789 2419 870 2491 Nom
883 2475 892 2507 ‚
907 2441 1013 2514 quum
1028 2422 1229 2492 arbitramur

192 2542 304 2611 omnia
319 2541 449 2612 enihilo
462 2542 556 2625 oriri,
572 2542 606 2612 id
620 2551 671 2614 est
684 2543 1009 2635 incertoignotorum
1023 2543 1231 2616 deorumvu·

194 2661 323 2734 iuntute
333 2665 456 2754 creari,
472 2664 553 2736 nihii
563 2665 631 2757 jam
650 2664 733 2736 uerti
744 2666 927 2737 retinemus
942 2665 1032 2759 quod
1044 2663 1230 2757 produoeu·
1342 2659 1350 2672 ’

193 2781 1229 2890 riisservandisque'rebuspraesit,quodquenosipsiampieoti

194 2917 230 2978 ut
246 2909 368 2980 imitari
389 2909 545 2982 velimus.
567 2911 656 3004 Ergo
676 2921 787 2986 nostra
803 2914 941 2982 interest
962 2913 1091 2982 firmum
1106 2910 1230 3002 aliquid

192 3031 369 3126 fixumque
387 3033 419 3105 in
433 3035 533 3105 rebus
545 3035 626 3130 ipsis
638 3033 949 3127 deprehendamus,
975 3033 1063 3127 quod
1076 3055 1136 3106 suu
1154 3033 1231 3126 lege

198 3163 232 3225 et
253 3174 312 3226 suo
325 3155 424 3228 modo
437 3158 665 3245 eontinentur,
689 3168 789 3250 atque
806 3158 846 3229 ad
865 3159 936 3251 ipsa
957 3157 1087 3228 semina
1103 3175 1232 3247 perve-

197 3275 368 3349 niamusa
398 3279 519 3369 quibus
536 3280 650 3351 omnia
679 3281 862 3351 seeundum
891 3281 1017 3372 justum
1038 3286 1233 3370 reatumque

197 3399 351 3471 ordinem
366 3411 578 3474 enascantur.

280 3599 317 3660 At
331 3600 660 3678 nuuo‚aerniuttruoquin
671 3600 1033 3678 uanoquaequecrauntur,
1156 3659 1159 3674 ,

282 3703 350 3770 tuoe
364 3708 514 3775 emmitur.
527 3718 611 3782 atque
622 3725 685 3768 orae
698 3709 726 3764 tn
739 3705 852 3769 luminis
864 3709 932 3777 anit,

281 3808 411 3868 Materies
425 3812 472 3868 ubi
487 3813 559 3879 inest
569 3813 723 3888 quujusque
733 3821 761 3880 et
774 3828 888 3886 corpora
898 3810 1002 3885 primm

242 4043 293 4124 (t)
307 4043 393 4117 ltin,
410 4052 464 4106 ool.
479 4047 529 4105 tt.

243 4147 294 4232 (ἲ)
308 4152 433 4225 Luaron,
451 4152 608 4224 ruit-193
624 4150 851 4224 unffi-1196.
918 4171 921 4178 ·
