3086 5068
770 427 931 488 ..rs-

313 553 1353 654 tabemtormaseiectas'insuntime.ettisposittones'otrorint

313 687 501 762 humilitets
515 685 747 770 abhorrentes,
767 695 853 757 totns
864 693 978 756 eutem
996 702 1179 756 conversos
1193 683 1235 756 od
1247 667 1351 758 vitoni

314 809 447 882 bootem
461 817 565 900 etque
582 829 602 876 o
621 807 766 896 negotiis
783 805 922 878 liberem
935 805 1101 898 agendam
1116 804 1188 903 (i).
1206 837 1226 873 s

364 933 495 1004 Etenirn
519 929 612 1000 stoici
630 931 743 1001 omnio
760 949 982 1022 quocumque
1001 938 1080 999 sunt
1098 931 1166 1000 Deo
1182 931 1351 1013 reseruntt

315 1055 452 1147 Epicuri
467 1063 579 1128 eutem
590 1053 743 1145 discipuli
758 1053 877 1124 nolunt
890 1053 962 1124 Deo
980 1051 1104 1124 referre
1116 1053 1205 1146 quod
1223 1055 1354 1127 verium
1431 1153 1434 1160 ¹

306 1187 350 1248 ot
365 1175 536 1264 motabile,
557 1176 646 1269 quod
665 1175 899 1266 imperiectum
927 1174 1131 1268 malumque.
1157 1174 1207 1246 ilii
1227 1185 1356 1268 negent

317 1297 443 1372 molunt
461 1297 642 1390 quidquam
658 1296 834 1388 essequod
849 1297 1001 1382 tereste
1022 1295 1055 1366 hi
1075 1304 1193 1388 potant
1204 1297 1283 1370 iliud
1298 1318 1355 1370 rev

316 1439 397 1490 vere
416 1428 451 1490 et
464 1437 525 1511 per
538 1439 575 1490 so
591 1417 751 1490 existere.
775 1417 825 1488 ttti
846 1415 973 1488 nulium
987 1415 1169 1489 discrimen
1188 1417 1224 1490 in
1241 1417 1352 1502 bono,

317 1539 353 1612 hi
364 1540 491 1612 inuitos
509 1561 587 1612 esse
610 1539 734 1632 modus
748 1538 955 1632 profitentur.
972 1535 1101 1628 Quippe
1126 1539 1214 1630 opud
1232 1539 1356 1614 stoicos

318 1663 423 1756 major
440 1663 499 1734 Dei
517 1671 706 1757 respectus,
721 1682 824 1754 quem
837 1660 960 1753 ubique
976 1659 1010 1730 in
1028 1660 1152 1732 mundo
1163 1662 1354 1754 inueniuntr

316 1785 406 1877 opud
428 1783 564 1876 Epicuri
587 1782 767 1875 discipulos
782 1781 1015 1874 meiormuutii
1041 1792 1228 1874 respectus,
1253 1769 1355 1876 quern

317 1906 388 1978 Deo
400 1907 536 1978 omniuo
553 1923 698 1976 vacuum
711 1904 897 1976 declarant.
917 1903 998 1975 inde
1011 1903 1163 1996 opposite
1182 1903 1356 1998 utriusque

317 2029 444 2100 scholae
461 2029 629 2130 conclusio
646 2053 654 2096 :
680 2049 743 2100 unn
758 2049 818 2100 nos
832 2027 938 2100 Deum
952 2028 1042 2098 intro
1054 2047 1108 2097 res
1119 2039 1153 2098 et
1167 2031 1199 2099 in
1210 2017 1274 2124 hoo
1290 2030 1358 2102 viu

319 2171 502 2242 agnoscere
517 2159 620 2243 utque
633 2149 742 2222 coiere
757 2145 867 2240 jubet;
887 2145 992 2220 altero
1005 2158 1117 2220 eutem
1128 2157 1225 2220 extro
1238 2167 1304 2234 res,
1323 2159 1358 2223 et

320 2271 376 2340 obi
390 2271 538 2342 mundos
554 2280 590 2341 et
602 2270 672 2340 vito
689 2269 835 2339 humone
852 2269 1022 2340 deficiunt.
1220 2278 1223 2284 “
1251 2265 1255 2274 ’

369 2390 526 2485 Epicurei
538 2391 650 2482 igitur,
666 2413 771 2482 quum
787 2390 993 2460 arbitrentur
1004 2392 1083 2462 nihii
1097 2389 1165 2483 jorn
1179 2409 1252 2464 esse
1260 2392 1355 2483 certi,

320 2511 484 2585 uinclum
496 2533 573 2586 cum
588 2513 696 2596 bono,
716 2522 751 2584 et
765 2533 805 2584 ee
823 2533 897 2604 quae
906 2513 1356 2606 consisituntnitysiciscum

321 2635 362 2706 iis
376 2657 452 2728 quae
470 2638 696 2717 moreliosunt
710 2635 971 2720 contundentur,
995 2635 1100 2706 [teum
1122 2638 1358 2710 vniuutessee

321 2757 444 2828 mundo
462 2757 622 2847 otienum,
643 2759 836 2851 hominique
853 2767 983 2829 tentum
997 2759 1124 2830 ratione
1139 2761 1245 2832 utenti
1258 2760 1359 2830 simi-

322 2879 411 2965 len13
439 2886 562 2969 etque,
588 2900 689 2970 quum
716 2889 868 2951 constare
888 2882 1043 2954 videntur
1057 2883 1136 2954 uuiti
1159 2883 1211 2958 olii
1226 2883 1354 2966 tnnc,

321 3019 424 3092 quem
441 2999 609 3085 humente,
635 3000 795 3074 rationem
812 3001 948 3086 inesse.
970 3005 1077 3076 Deorn
1092 3004 1239 3076 hominis
1251 3003 1357 3074 iornto

193 3184 196 3188 ,
321 3121 474 3196 indutum
488 3123 738 3215 tinguut‚quesi
752 3124 922 3197 coemisse
935 3125 1356 3219 rationemquoqneanue·

323 3251 421 3331 teret,
437 3243 477 3313 nd
498 3243 637 3315 nihilum
652 3243 808 3318 reductus
823 3237 896 3341 (i).

364 3485 415 3570 (i)
428 3488 578 3551 Herculeo.
594 3494 698 3552 volum.
713 3511 775 3568 quae
787 3506 952 3569 supersunt,
973 3497 1022 3554 tib.
1038 3511 1082 3556 vt.
1097 3525 1138 3540 ·-
1152 3491 1302 3554 Metrodori
1316 3494 1360 3555 tte

323 3594 547 3668 Sensetionibus‚
562 3599 616 3657 oot.
632 3595 682 3658 et.
1344 3681 1348 3684 -

364 3694 416 3778 (2)
430 3695 512 3758 itanu
530 3699 584 3759 etio
599 3712 762 3778 argumento
777 3703 861 3761 utitur
875 3697 1039 3762 Bossuetius
1053 3705 1081 3760 in
1095 3721 1146 3762 suo
1159 3702 1264 3762 1)ιῦιί
1278 3711 1363 3779 atque

322 3807 369 3865 rui
389 3808 478 3882 ipsius
494 3808 650 3882 counitione
663 3807 795 3880 tractatu,
811 3827 896 3884 quum
911 3801 996 3868 enimi
1007 3791 1242 3870 immortalitatem
1255 3812 1360 3884 probe-

323 3919 403 3970 turus
411 3913 472 3970 heo
480 3911 566 3971 verbo
573 3914 703 3971 adhibet:
719 3909 820 3982 «Quod
832 3915 856 3971 si
866 3929 983 3988 corpore
995 3926 1059 3991 eget
1067 3917 1176 3988 enimus
1189 3926 1295 3984 noster,
1310 3916 1360 3992 qui

323 4023 455 4074 natusest
463 4017 489 4074 ei
498 4017 717 4092 conjungendus,
728 4019 822 4077 divine
832 4021 878 4078 lox
886 4020 947 4078 vult
956 4020 1085 4080 inferiore
1096 4022 1170 4098 quod
1178 4021 1361 4097 inperiosus

324 4121 359 4178 nd
375 4137 405 4179 se
416 4122 536 4192 trahere,
550 4118 662 4180 etDeus
676 4123 768 4199 potius
782 4125 896 4184 hebebit
906 4125 1001 4186 nninno
1011 4143 1092 4188 suom
1100 4143 1202 4205 corpus
1210 4126 1360 4194 nouom
