3086 5068
779 507 919 548 ...χ-

328 621 442 688 dicitur
452 620 568 696 critica,
588 629 738 703 quantum
758 617 838 682 inter
857 638 890 683 se
913 628 1087 703 repugnent
1103 616 1263 704 Epicureae
1286 613 1363 680 doc-

329 736 418 802 trinae
430 733 552 798 initium
565 744 597 797 et
609 731 678 796 finis
693 742 864 797 monstrare
879 730 1004 795 tentabo

774 968 898 985 m

375 1215 574 1298 Haudoperae
583 1213 715 1298 pretium
727 1223 774 1276 est
785 1211 830 1275 ibi
842 1211 956 1276 referre
969 1212 1094 1295 longam
1108 1211 1364 1300 philosophorum

329 1340 361 1393 et
375 1328 559 1412 scriptorum
581 1326 693 1390 seriem
711 1343 791 1409 quos
812 1323 1025 1410 dedpicurea
1047 1324 1189 1398 doctrina
1206 1326 1365 1394 consultos

328 1442 426 1507 volui.
442 1440 501 1517 Qui
515 1441 597 1505 enim
611 1458 730 1516 omnm,
744 1449 809 1502 tum
824 1450 955 1516 veteres,
967 1452 1032 1504 tum
1041 1439 1241 1518 recentiores,
1258 1433 1358 1508 lecto·

332 1556 376 1621 ris
393 1558 550 1622 memoriae
565 1556 655 1621 facile
670 1555 930 1621 obuersahuntur.
1202 1547 1206 1556 '

375 1669 491 1734 Fontes
508 1669 723 1734 tantummodo
736 1688 904 1733 memorem
927 1668 1043 1752 saepius
1056 1670 1214 1752 neglectos
1235 1680 1266 1736 et
1286 1689 1368 1754 quos

332 1785 489 1869 negligere
502 1795 549 1849 est
560 1785 662 1849 neias:
677 1783 893 1868 antiquissima
906 1794 1117 1860 monumenta,
1136 1784 1251 1872 quibus
1267 1783 1367 1870 ipsius

331 1897 458 1982 Epicuri
478 1899 629 1962 nonnulla
644 1898 780 1963 carmina
800 1909 893 1981 atque
907 1897 1045 1981 priorum
1059 1898 1126 1980 ejus
1141 1896 1367 1988 discipulorum

331 2012 490 2094 longiores
503 2023 650 2076 tractatus
661 2012 802 2096 inscripti
818 2021 990 2076 servantur.

377 2124 456 2188 Sunt
469 2125 551 2189 enim
568 2124 662 2202 edita,
678 2125 889 2208 Neapolitana
904 2123 1080 2190 Academia
1096 2124 1271 2214 diligentie,
1286 2124 1368 2192 lier-

333 2237 747 2302 culanensiumuoluminum
757 2257 827 2320 quae
840 2249 1025 2321 supersunt;
1040 2249 1133 2322 atque
1148 2239 1188 2306 ed
1197 2237 1368 2326 Epicurum

333 2361 386 2414 aut
402 2349 442 2414 ad
457 2341 542 2413 illius
557 2349 695 2413 scholam
709 2349 864 2433 pertinent
878 2350 941 2415 lere
960 2369 1068 2414 omnes
1082 2350 1166 2422 libri.
1180 2351 1368 2420 uolneribus

333 2464 398 2528 suis
414 2463 454 2528 ad
468 2457 548 2528 hanc
560 2462 642 2529 diem
654 2464 764 2528 renati.
781 2461 865 2539 Quos
882 2463 921 2527 ad
935 2463 1085 2547 legendos
1099 2465 1164 2548 jam
1184 2465 1367 2532 inclinatum

331 2577 458 2663 propria
481 2575 693 2641 recordatione
714 2574 925 2639 inauditorum
949 2575 1074 2640 illorum
1096 2589 1367 2642 monumentorum

333 2710 403 2775 qum
419 2692 499 2776 ipse,
514 2691 546 2756 in
568 2689 675 2754 Museo
691 2687 878 2766 Borbonico,
894 2689 967 2753 hinc
984 2690 1097 2754 mentis
1113 2691 1256 2756 humanm
1271 2691 1369 2773 depo-

332 2802 425 2866 situm
440 2814 524 2866 tanta
537 2813 627 2866 nocte
641 2820 824 2884 oppressum
838 2800 1037 2866 recondentia
1053 2801 1251 2878 horrueram,
1270 2814 1363 2886 atque

332 2915 419 2980 illinc
433 2915 636 2980 solertissima
650 2914 794 2977 humanm
810 2913 922 2977 mentis
936 2914 1113 2979 inventione
1127 2916 1189 2980 luci
1204 2915 1366 2982 reddentia

332 3028 565 3113 obstupueram,
578 3028 704 3092 omnino
719 3026 843 3110 impulit
856 3026 1055 3092 doctissimus
1064 3028 1368 3095 Parisieusisiiacul-

333 3145 404 3208 tatis
417 3144 566 3218 decanus,
581 3141 664 3206 idem
690 3152 720 3205 et
735 3138 918 3204 eruditionis
933 3160 998 3205 suae
1015 3161 1085 3206 eum
1098 3144 1259 3226 juventute
1280 3163 1368 3210 com-

333 3261 528 3325 municandae
541 3257 785 3342 benignissimus
799 3255 938 3338 largitor,
957 3256 1011 3340 qui
1026 3276 1075 3321 me
1089 3259 1146 3322 hos
1159 3259 1257 3324 libros
1272 3272 1370 3326 atten-

333 3375 451 3439 tissime
464 3369 733 3459 perlegerejussit,
750 3387 845 3433 novas
859 3369 932 3433 inde
951 3370 1057 3453 copias
1067 3390 1225 3456 nouasque
1240 3393 1315 3458 opes
1328 3375 1368 3440 ad

335 3487 493 3553 meliorem
515 3485 675 3570 Epicureae
697 3480 844 3547 doctrinae
865 3477 1101 3564 intelligentiam
1126 3487 1313 3563 relaturum,
1340 3499 1372 3552 et

334 3601 489 3687 quidquid
511 3597 713 3681 interroganti
734 3595 811 3659 mihi
831 3594 978 3676 magister
997 3608 1027 3660 et
1043 3597 1162 3680 priores
1183 3600 1251 3684 ejus
1271 3598 1369 3663 disci-

334 3713 400 3800 puli
422 3712 667 3796 respondissent,
690 3709 819 3774 velutex
843 3706 943 3790 adytis
964 3708 1122 3785 emissum,
1142 3709 1282 3794 piissima
1295 3731 1369 3776 cura

336 3839 540 3893 seruaturum.

381 3941 471 4018 Quod
487 3961 582 4026 opus,
603 3942 654 4006 tali
678 3954 822 4021 auctore,
840 3944 986 4030 perticere
1001 3961 1049 4006 me
1060 3941 1159 4025 juvit;
1176 3958 1277 4024 neque
1291 3958 1369 4004 con-

334 4066 455 4138 ceptam
484 4073 583 4118 meam
608 4074 694 4139 spem
714 4067 842 4120 eventus
859 4055 978 4120 ieiellit.
992 4055 1176 4138 Quanquam
1196 4052 1279 4117 enim
1295 4064 1368 4116 sunt

336 4185 404 4230 rara
425 4167 615 4250 fragmenta,
644 4167 812 4251 multisque
851 4169 970 4232 lacunis
1002 4167 1168 4232 interclusa
1196 4164 1366 4248 expositio,
