3086 5068
767 435 805 450 ..
827 405 844 463 ⁶2
867 434 904 449 ..

315 559 373 610 cos
398 547 456 610 aut
476 535 669 606 tusculanos
687 533 788 604 libros
802 529 932 616 'scribit
953 533 993 603 tle
1015 534 1150 605 civitate
1174 554 1282 626 usque
1305 535 1348 606 ad

313 659 414 730 tinem
434 657 519 734 bene
536 654 726 726 meriturus.
740 652 879 724 Amicus
891 662 1002 724 nutem
1018 653 1174 738 Memmii,
1192 656 1246 726 oui
1259 655 1350 728 mala

312 779 447 872 publico
466 785 501 848 et
516 777 648 870 privata
665 796 798 846 omnem
817 773 937 847 honam
956 794 1049 868 spem
1065 775 1286 864 abstuleram,
1306 779 1346 848 ad

312 897 554 992 philosophiam
572 896 739 986 confugit,
755 897 852 988 quasi
876 893 917 966 ad
930 903 1080 988 portum,
1099 896 1157 966 ubi
1169 899 1347 990 requieset

313 1019 550 1113 tranquillitas;
576 1027 622 1104 et,
639 1039 738 1109 quam
760 1017 871 1088 oaeteri
890 1037 969 1088 mox
988 1016 1032 1087 ab
1050 1017 1252 1110 imperatore
1278 1019 1349 1090 hu·

312 1152 412 1236 gusto
429 1149 506 1214 suut
519 1138 724 1233 imploraturi
743 1161 880 1232 paoem,
902 1140 1024 1233 ipsein
1048 1131 1199 1214 doetriut¹
1212 1139 1348 1234 sapien·

314 1274 386 1336 tum
403 1287 440 1336 se
455 1263 621 1335 invenisse
653 1263 809 1333 declarat.

364 1543 608 1644 Philosophiam
636 1546 739 1620 omnio
766 1545 891 1644 publici
912 1544 1099 1643 priuatique
1128 1543 1212 1619 moli
1239 1567 1349 1620 reore-

317 1665 811 1762 diumamplectiturluoretiua.
823 1709 865 1722 -
876 1667 1023 1750 Etenim,
1042 1667 1121 1738 dum
1133 1666 1350 1738 hellisoivili-

314 1789 377 1860 bus
396 1791 506 1860 omnia
530 1789 732 1874 miscentur,'
751 1793 852 1883 alque
881 1791 1027 1864 victores
1056 1788 1248 1860 inhumanis
1269 1810 1349 1862 san-

315 1911 408 1980 ciunt
425 1910 573 1981 oaedibus
592 1911 797 2002 triumphos;
826 1911 904 1982 dum
924 1911 1075 2004 plerique
1102 1909 1281 2000 perterriti,
1307 1930 1349 1980 ac

314 2051 399 2123 pene
414 2031 602 2116 dementes,
622 2031 702 2102 deos
720 2033 809 2124 ipsos
824 2041 940 2103 eontra
955 2051 1129 2102 romanum
1148 2051 1271 2102 numen
1285 2051 1349 2100 ar·-

317 2153 495 2221 matoasihi
510 2154 655 2242 fingunt,
675 2162 775 2244 atque
792 2154 945 2244 precibus
958 2153 1059 2224 surda
1074 2153 1255 2224 simulacra
1266 2151 1350 2222 iati-

316 2281 422 2365 gaut;
444 2273 524 2364 quid
543 2273 661 2344 melius
678 2295 778 2366 quam
797 2277 830 2344 in
856 2274 1003 2344 animum
1027 2274 1235 2345 descendere
1259 2273 1350 2343 omui

318 2398 410 2464 metu
434 2403 624 2484 purgatum,
652 2387 752 2485 atque
781 2393 964 2487 ilri‘pruoul
988 2415 1010 2464 a
1039 2393 1185 2486 negotiis
1200 2401 1235 2464 et
1259 2395 1351 2464 omni

315 2513 430 2586 tatere
445 2514 645 2606 quiesceret
661 2514 734 2599 Quo
751 2509 933 2606 majoribus
945 2509 1045 2586 «malis
1060 2517 1170 2586 eaeteri
1183 2502 1350 2605 laborant,

314 2653 361 2706 eu
375 2631 508 2706 intuitu
525 2637 668 2728 saplenti
684 2637 808 2707 sentire
822 2657 861 2707 ae
878 2637 985 2707 solum
1000 2655 1077 2706 esse
1093 2627 1255 2731 lelioem(
1280 2633 1308 2729 ).

314 2795 320 2804 ·
358 2755 444 2826 'hieu
467 2753 641 2828 Lueretius
659 2759 765 2828 tantis
781 2758 938 2828 inutilius
958 2758 1191 2850 philosophum
1209 2757 1353 2848 extollit,

317 2876 423 2968 wius.
434 2877 577 2970 vestigia
599 2879 797 2970 ingreditur,
815 2888 852 2948 ut
874 2881 931 2972 qui
956 2879 1035 2950 eolis
1060 2879 1184 2972 ingenii
1210 2879 1352 2964 viribus,

322 2999 523 3086 nonarmio,
535 3000 593 3071 sod
604 3000 714 3086 illotis,
733 3001 847 3072 omnia
858 3001 1096 3092 qumeivitates
1108 3011 1208 3095 atque
1225 2995 1358 3072 animos

324 3120 461 3193 turoam
478 3123 666 3214 expulerit,
693 3124 863 3216 vitamque
881 3126 918 3196 iu
940 3124 1013 3196 luae
1040 3124 1129 3196 alara
1150 3133 1186 3195 at
1208 3124 1242 3194 in
1264 3125 1356 3196 tran‘·

323 3241 424 3336 quilla
436 3244 555 3315 locarit
565 3239 634 3339 (2).
652 3243 726 3336 lpse
733 3246 807 3316 vult
820 3246 972 3317 homiues
980 3237 1360 3322 tenebrisetterrorlhnn

322 3387 500 3459 oppressos
521 3367 680 3452 liberare,
716 3378 816 3461 atque
839 3370 879 3440 art
913 3369 1184 3462 tranquillitatem
1209 3369 1357 3452 dooere,

325 3497 438 3573 retus,
471 3488 527 3558 uhi
549 3489 638 3560 ⁴ratio
657 3499 696 3560 ot
719 3495 845 3561 nunnae
870 3491 1001 3582 speeies
1023 3490 1142 3561 animis
1165 3489 1358 3577 illuxerint,

326 3610 436 3682 omnia
446 3611 533 3682 mala
543 3612 1168 3706 evanesoereeteujuoquelelioitatam
1185 3612 1311 3684 nartem
1326 3621 1362 3684 at

326 3749 446 3824 puram
461 3731 544 3803 fieri.

364 3971 418 4055 (l)
432 3975 558 4047 Lunai..
571 3975 613 4038 De
627 3975 730 4038 Natma
742 3996 845 4051 rerum,
861 3994 897 4051 ιι,
913 3976 996 4040 t-ra.

365 4075 418 4160 (t)
429 4077 486 4152 ld„
500 4095 528 4156 ι,
539 4080 653 4152 63-80;
667 4097 717 4154 ιιι,
734 4075 822 4154 r-ta;
839 4097 868 4154 u,
886 4084 969 4144 1-55.
