3086 5068
626 477 788 539 45„

185 611 226 686 eri
243 611 383 700 nihilum
406 609 588 704 redigitur,
607 612 666 682 sed
686 611 850 705 disjuncte
864 611 906 682 ed
929 611 1012 684 ulios
1024 631 1222 695 concursus,

186 719 337 829 eliasque
367 755 420 806 res
447 734 635 807 formandus
669 735 725 824 vei
751 735 971 826 reparandus,
995 737 1224 810 ,eonvertiiun

187 860 299 944 Quare
312 856 430 928 merito
445 856 570 928 dietum
586 866 636 927 esi
654 857 687 927 in
702 857 825 927 munde
841 867 982 930 moriem
999 879 1018 928 e
1037 858 1105 928 viia
1118 857 1224 937 nasei,

188 991 288 1074 eique
312 1001 331 1050 e
355 981 424 1050 vita
442 956 602 1063 mertem,
626 989 661 1050 et
675 978 798 1050 nulium
812 1002 886 1050 esse
904 980 1019 1052 aeierni
1038 990 1146 1052 moins
1174 1001 1226 1050 re·

190 1103 318 1194 quiem,
331 1100 455 1172 nulium
474 1120 607 1192 semper
624 1099 711 1170 vivee
729 1110 857 1172 neturae
878 1103 1150 1174 exstinctionem.

352 1309 434 1369 Heud
447 1300 530 1386 igitur
547 1321 664 1384 pereunt
676 1327 857 1387 quecumque
873 1315 1001 1372 videniur
1018 1326 1026 1372 :

273 1413 391 1486 Quando
402 1417 457 1474 ulid
470 1433 504 1474 ex
513 1416 568 1474 eliu
583 1415 670 1474 refieir
681 1426 790 1488 nature,
804 1435 856 1476 nee
871 1420 954 1476 ullam

273 1519 345 1580 Rem
357 1521 432 1598 gigni
445 1521 557 1596 peritur,
569 1521 622 1578 nisi
636 1522 861 1598 merteledjutem
871 1523 962 1581 aliena
976 1518 1039 1601 (i).

199 1725 205 1738 ⁴
244 1711 288 1782 111
304 1718 415 1794 sulem
433 1730 494 1780 nos
506 1707 698 1792 simulacre,
713 1730 789 1801 quae
797 1709 893 1780 nobis
903 1731 958 1780 res
973 1708 1165 1778 manifestas
1182 1707 1230 1777 in·

196 1835 301 1924 ciunt,
317 1815 381 1904 nnn
398 1833 470 1924 ipse
483 1831 616 1926 singula
629 1833 784 1904 sensibus
794 1832 967 1924 percipere
983 1851 1173 1924 possumus,
1185 1830 1237 1900 iie

197 1951 1233 2048 elementa,quibuseonvenieniibusnnusesedisjungentibus,

198 2098 252 2148 res
265 2097 381 2148 omnes
400 2097 475 2170 esse
491 2075 653 2166 incipiunt
664 2083 723 2146 eui
737 2075 907 2160 desinunt,
924 2075 1078 2146 sensibus
1098 2092 1236 2146 eernere

198 2200 389 2292 nequimus.

282 2395 381 2458 Omnis
393 2401 467 2458 enim
477 2401 559 2478 iunge
568 2402 670 2459 nostris
681 2403 717 2460 ab
726 2403 855 2461 sensibus
867 2402 938 2462 infre
996 2447 998 2460 r

282 2502 438 2562 Primorum
450 2506 628 2577 neturajeeet
637 2501 699 2584 (2).

683 2607 950 2669 Primordietenrum

283 2711 354 2772 Sunt
364 2712 436 2772 inire
444 2723 553 2772 nostrus
567 2728 677 2783 sensns,
690 2722 821 2788 muroque
831 2713 950 2782 minora,

283 2814 372 2888 Quem
382 2835 445 2893 qnae
457 2820 574 2892 primum
584 2819 656 2878 oeuli
669 2828 789 2892 emptam
798 2835 852 2877 non
866 2833 947 2892 posse
960 2816 1030 2874 tueri
1043 2809 1105 2894 (3).
1155 2816 1158 2822 '

213 3101 219 3109 .
252 2992 339 3088 Nihil
370 3023 483 3086 eutem
512 3014 635 3086 eeriins
665 3033 764 3106 quem
798 3013 832 3082 in
861 3020 979 3082 neiurn
1008 3007 1131 3101 aliquid
1168 3028 1244 3080 esse

205 3140 301 3226 ceni,
325 3113 412 3234 quud
435 3161 545 3233 neque
571 3138 718 3212 animum
738 3136 882 3230 decipiat
903 3155 1015 3230 neque
1046 3151 1099 3202 res
1125 3131 1248 3204 inanes

207 3283 282 3334 esse
299 3261 451 3356 periatur.
471 3260 559 3332 Nihil
584 3260 708 3331 certius
728 3279 829 3351 quem
847 3277 921 3328 esse
944 3254 1066 3348 uliquid
1085 3241 1249 3335 sonuum

207 3384 296 3478 quod
325 3386 360 3456 in
386 3386 476 3455 omni
504 3404 615 3453 rerum
630 3381 857 3454 vicissitudine
880 3366 1117 3462 nunmuteiur
1134 3396 1245 3467 neque

209 3513 336 3598 pereat,
367 3505 426 3599 sed
455 3525 589 3596 semper
616 3504 706 3602 idem
729 3503 938 3594 simplexque
967 3506 1128 3582 maneum
1156 3496 1246 3592 quod

210 3626 309 3699 nuliis
327 3629 477 3721 panibus
501 3636 651 3710 consuet,
681 3626 768 3697 idem
792 3633 826 3694 et
853 3621 1109 3701 tenuissimum,
1138 3638 1247 3709 neque

211 3750 314 3822 dividi
333 3772 442 3842 neque
458 3751 594 3822 dissolvi
609 3749 713 3843 possit
727 3774 738 3837 ;
754 3744 912 3840 quodque
925 3741 1048 3836 ubique
1059 3751 1248 3833 eusemper

253 3969 304 4053 (i)
315 3973 441 4044 Lumen,
452 3989 476 4044 ι,
492 3970 637 4034 uns-965.
650 3971 695 4034 Cf.
708 3989 745 4044 ιι,
761 3969 945 4032 uuor-1008.

253 4075 304 4158 (2)
315 4077 375 4148 ln„
390 4094 427 4148 rr,
444 4079 595 4148 313·-311,

255 4186 305 4270 (3)
318 4189 374 4260 in„
390 4205 435 4260 rr,
450 4183 590 4248 nnn-112.
