3086 5068
653 478 812 544 ..·11..
864 431 870 439 ⁹

206 607 322 698 poatm
333 606 465 698 concipi
481 604 671 697 posse‚2nisi
684 612 781 676 extro
791 601 951 676 muudum
963 600 1019 694 qui
1037 600 1117 688 nihii
1133 600 1242 687 simite

208 731 275 818 sibi,
285 730 402 806 merito
419 729 586 802 uindicare
599 737 712 820 quent.

288 931 359 992 Illud
372 935 437 991 item
451 950 505 991 non
521 944 563 991 est
576 943 604 990 ut
617 934 706 1006 possis
722 934 834 990 credere
844 933 926 988 sedes
956 908 959 914 ¹
1058 927 1061 934 ’

248 1053 251 1060 “
291 1030 360 1095 Esse
374 1039 456 1094 deum
469 1047 577 1094 sanctas
591 1038 623 1093 in
633 1039 727 1094 mundi
740 1037 863 1110 partibus
874 1037 937 1094 ullis
950 1030 1012 1114 (i).

209 1281 213 1288 .
244 1224 403 1308 »Quorum
433 1223 575 1294 Lucretii
606 1225 781 1295 verborum
808 1223 1123 1300 commentationem
1150 1219 1241 1313 apud

208 1345 438 1422 Philodamum
452 1345 495 1416 de
510 1345 650 1419 deorum
664 1353 783 1418 natura
800 1354 916 1418 contra
932 1344 1057 1418 stoicos
1067 1344 1245 1416 disseren-

209 1477 276 1539 tem
293 1466 463 1558 legimus:
931 1539 933 1546 ,

251 1616 276 1672 ,α
303 1589 430 1683 Siquis
451 1589 561 1682 ipsum
584 1586 727 1686 (Deum)
750 1590 885 1670 omnino
908 1591 1065 1672 otiosum,
1084 1589 1194 1678 qualis
1208 1597 1243 1660 et

208 1711 280 1802 ipse
298 1721 362 1794 est,
379 1715 482 1804 finget
497 1724 531 1786 et
549 1713 645 1786 simui
664 1715 697 1786 irr
715 1713 844 1798 xsoiido;
868 1715 967 1784 etiam
988 1713 1074 1783 hanc
1098 1719 1244 1783 senten-

209 1832 285 1916 tiam
307 1853 519 1926 nequaquam
549 1834 646 1907 multi
673 1837 951 1926 comprobarunt,
983 1833 1135 1924 quisquis
1156 1833 1245 1924 enim

208 1953 281 2025 hec
295 1953 375 2030 dicit
389 1955 566 2038 irridetur;
585 1958 749 2048 siquidem
771 1957 949 2028 absurdam
968 1977 1049 2032 esse
1070 1954 1142 2054 ejus
1166 1954 1245 2042 opi-

208 2075 339 2148 nionem
355 2087 387 2148 et
404 2089 555 2170 systema
573 2101 688 2150 omnes
704 2079 798 2148 facite
819 2085 1002 2168 agnoscunt
1017 2073 1083 2171 (2).
1205 2111 1210 2153 :

264 2197 493 2292 onapropter
507 2201 572 2272 hoc
582 2221 642 2293 pro
656 2211 748 2273 certo
767 2200 942 2270 statuimus
958 2223 964 2269 :
984 2199 1140 2268 videlicet
1154 2217 1245 2289 qure-

208 2318 284 2390 dam
300 2330 453 2412 oportere
470 2341 622 2412 quaerere
637 2334 670 2394 et
684 2321 819 2402 definire
836 2320 878 2390 de
893 2320 971 2405 diis,
993 2319 1146 2412 quaedarn
1163 2337 1246 2388 vero

208 2462 271 2514 nec
288 2464 438 2534 qpaerere
453 2465 516 2524 neo
532 2447 668 2516 definire
681 2443 752 2540 (5).

259 2594 275 2630 a
293 2565 521 2670 Quamobrem
544 2567 630 2646 Deos
649 2567 749 2641 astris
764 2588 827 2636 nec
841 2564 1097 2656 circumpositos
1113 2584 1176 2646 nec
1193 2565 1247 2639 irr-⁸

206 2697 311 2760 sertos
335 2689 450 2768 dicere
475 2698 632 2780 oportet:
654 2708 765 2782 neque
792 2690 882 2760 enim
910 2696 1172 2760 consentaneum
1190 2693 1248 2764 esi

206 2819 327 2902 putare
345 2810 432 2880 Deos
445 2812 477 2881 in
498 2813 668 2881 materiam
689 2831 762 2880 esse
778 2808 953 2901 projectos,
970 2808 1017 2877 uti
1033 2816 1161 2878 rectum
1176 2825 1241 2876 non

206 2939 258 3000 est
276 2931 385 3002 dicere
403 2953 461 3002 eos
481 2933 645 3024 projectos
670 2953 744 3002 esse
767 2931 799 3001 in
824 2931 885 3000 has
908 2929 1067 3000 rosaceo
1095 2948 1239 3019 parves;

204 3053 264 3123 sed
281 3064 410 3145 oportet
423 3055 587 3125 collocare
602 3056 635 3124 in
656 3055 793 3146 regione
821 3073 895 3144 quae
916 3035 1066 3142 superior
1079 3051 1152 3136 est,
1174 3068 1238 3117 non

208 3174 239 3244 in
256 3195 295 3245 ea
311 3196 384 3267 quae
400 3177 598 3246 intermedia
619 3186 682 3246 est.
701 3176 809 3258 Quare
829 3172 1075 3244 'admittendum
1103 3191 1170 3240 non
1191 3179 1241 3239 est

205 3297 491 3387 complicationem
507 3295 566 3368 vel'
581 3298 727 3369 maxime
743 3297 814 3367 fieri
827 3297 943 3366 harum
963 3316 1072 3365 rerum
1089 3314 1164 3385 quae
1183 3315 1238 3362 se·

206 3421 362 3512 parandae
386 3417 546 3517 sunt(4).
568 3451 585 3486 »
1063 3425 1068 3429 ’

244 3642 295 3724 (i)
309 3643 368 3717 id„
383 3661 414 3717 r,
432 3647 581 3706 rar-tta.

245 3747 296 3828 (2)
310 3747 460 3809 Herculeo.
477 3753 582 3811 volum.
596 3767 662 3826 quae
673 3762 836 3825 supersunt,
850 3751 900 3808 lib.
919 3762 964 3808 vr.
981 3779 1020 3794 -
1033 3745 1188 3805 Philodami
1199 3743 1241 3803 De

204 3855 319 3914 deorum
333 3857 445 3918 vivendi
453 3859 572 3928 repone,
588 3874 638 3931 per
646 3858 819 3929 coniecturas
833 3853 1173 3933 incommemoratum
1187 3849 1237 3908 Ze·

206 3958 407 4034 nonispiocita,
420 3966 474 4023 col.
493 3963 542 4022 ii.

147 4071 151 4078 '
246 4061 297 4145 (3)
307 4065 394 4142 ibic,
405 4070 459 4126 coi.
477 4069 526 4128 ii.
1028 4121 1032 4126 .

245 4166 297 4248 (i)
313 4171 400 4243 ibin,
414 4177 467 4232 coi.
483 4173 531 4232 15.
548 4171 592 4232 Cf.
609 4173 733 4249 ereret.‚
750 4188 781 4238 v,
800 4171 946 4230 tit-tra.
