3086 5068
628 491 788 548 ..19-

194 622 246 694 uis
270 619 428 714 approbat
451 629 551 713 atque
569 620 735 692 hominem
758 619 872 711 amplo
896 619 1016 691 laboris
1043 623 1091 691 sui
1119 623 1226 713 'pretio

193 749 350 818 donatum
368 745 512 836 delectat
529 755 562 815 et
577 745 703 836 explet.

273 961 400 1043 Navigia,
416 974 498 1040 atque
511 967 567 1043 agri
581 969 713 1042 culturas,
729 967 840 1037 muenia,
856 969 943 1044 leges,

273 1069 369 1140 Arma,
384 1073 455 1142 vias,
468 1063 582 1144 vesteis,
597 1082 625 1130 et
638 1084 736 1131 caetera
749 1075 892 1148 degenere
905 1075 1015 1142 horum,

275 1173 405 1247 Premit,
420 1175 533 1256 delicies
546 1193 657 1251 quoque
670 1181 734 1236 vitae
744 1179 867 1236 funditus
880 1179 998 1244 omneis,
1077 1240 1081 1250 ¹

273 1277 415 1350 Carmina,
426 1273 545 1354 picturas
557 1297 589 1338 ac
598 1283 704 1358 daedala
716 1284 806 1357 signa,
821 1282 922 1354 politus
1013 1359 1016 1364 .

274 1381 348 1442 Usus
360 1395 388 1442 et
400 1385 617 1462 impigraesimul
630 1387 801 1459 experientia
813 1387 913 1444 mentis
942 1449 947 1454 ,

273 1483 419 1546 Paullatim
434 1490 528 1546 docuit
541 1491 709 1561 pedetentim
723 1491 961 1568 progredienteis.=

270 1590 318 1651 Sic
331 1610 414 1651 unum
429 1594 563 1668 quidquid
574 1592 713 1668 paullatim
728 1581 939 1680 protralritaetas

270 1695 301 1755 ln
315 1698 447 1768 modium,
462 1699 586 1772 ratioque
599 1700 626 1754 in
640 1701 752 1757 luminis
765 1685 845 1774 erigit
858 1715 932 1757 oras.

270 1800 396 1877 Namque
410 1804 465 1860 alid
478 1820 512 1860 ex
522 1804 576 1860 alio
590 1805 741 1861 clarescere
751 1787 976 1862 corderidebant

268 1906 394 1979 Artibus,
407 1903 444 1966 ud
455 1925 593 1970 summum
608 1909 697 1965 donec
706 1923 807 1964 venere
820 1923 951 1965 cacumen
964 1900 1027 1985 (l).
1093 1916 1100 1929 ·

238 2121 335 2192 Artes
360 2130 492 2202 antem,
517 2129 644 2204 naturae
674 2141 758 2210 opos
782 2129 816 2190 ct
845 2121 922 2190 vitae
955 2121 1109 2192 humanae
1136 2121 1227 2210 adju·

190 2252 364 2330 mentum,
382 2243 467 2316 maie
483 2253 635 2315 tueantur
650 2243 838 2324 felicitatem
859 2252 1029 2327 nostram,
1050 2246 1084 2314 ni
1102 2245 1227 2344 bonum

190 2385 362 2438 summunt
382 2386 449 2458 quo
467 2365 661 2452 tendamus,
688 2373 789 2456 atque
814 2366 898 2434 viam
922 2387 987 2456 qua
1010 2367 1050 2435 nd
1075 2367 1107 2436 id
1137 2376 1228 2437 recto

189 2505 289 2556 eursu
323 2482 487 2575 possimus
511 2479 705 2576 pervenire,
736 2486 822 2554 bene
851 2487 1055 2555 noverimus.
1090 2485 1229 2578 Oportet

189 2608 292 2698 igitur
308 2593 501 2680 nobis‘ratio
515 2687 516 2692 ,
528 2628 660 2700 semper
679 2629 792 2678 veram
811 2607 913 2676 nostri
935 2609 1174 2678 conscientiam
1195 2621 1229 2680 et

189 2749 301 2802 rerum
323 2731 493 2803 notionem
513 2731 672 2814 suilieiat,
692 2739 726 2802 et
748 2728 824 2822 quid
844 2729 1067 2820 cupiendum,
1089 2731 1168 2822 qnid
1190 2733 1229 2803 ti·

189 2837 361 2936 mendum,
383 2853 462 2944 quid
481 2851 713 2945 quaerendum,
737 2853 816 2946 quid
832 2850 1002 2922 vitandum
1021 2852 1076 2941 sit,
1094 2853 1181 2925 clare
1197 2864 1229 2925 et

189 2973 345 3046 distincte
363 2983 539 3046 monstret.
648 2971 702 2984 ”
784 2968 787 2976 ’
1217 2963 1226 2978 ”

240 3219 350 3288 Potest
361 3215 591 3289 essescierttic.
610 3229 655 3272 '-
670 3217 959 3302 Quemadmodum
976 3217 1064 3286 enim
1081 3217 1228 3286 maxima

188 3359 269 3411 outa
287 3340 343 3410 uei
358 3341 527 3412 seientiam
544 3343 718 3440 asmentia
737 3362 848 3411 rerum
869 3340 1072 3432 distinguere
1089 3347 1226 3410 neccsse

188 3472 252 3545 est,
272 3463 318 3533 ita
330 3462 564 3534 verumalalso
580 3462 709 3555 sejungi
723 3471 865 3554 oportet,
882 3485 924 3534 no
941 3460 1119 3532 itomanam
1135 3443 1227 3533 rnen·

189 3591 256 3653 tem
271 3589 309 3653 'el
323 3587 425 3653 vitam
446 3587 583 3654 omnino
599 3584 814 3671 damnemus,
842 3586 971 3676 utrique
998 3584 1124 3673 pariter
1144 3583 1227 3652 ditt-

188 3703 319 3775 dentes.
337 3705 408 3775 Non
422 3712 570 3774 nostrum
585 3715 636 3776 est
649 3707 760 3776 omnia
779 3701 878 3790 scire,
898 3707 955 3775 sed
974 3704 1124 3796 quaedam
1142 3705 1227 3776 sciro

188 3832 339 3894 nostrum
356 3831 420 3895 est.
441 3824 549 3916 Atque
564 3825 678 3912 etiam,
696 3847 802 3918 quum
817 3833 929 3895 nostra
953 3824 1223 3914 dedcttoognos-

187 3945 284 4015 cendi
295 3945 357 4035 vis,
371 3944 468 4035 hujus
479 3945 708 4018 imbecillitatis
717 3945 1226 4038 certam'claramqueconsoien·

227 4180 278 4278 β)
291 4184 419 4259 haeret,
435 4203 465 4263 u,
483 4185 660 4282 itit-tlte.
