3086 5068
721 487 757 500 ..
783 451 820 516 pg
843 489 883 502 ...

279 587 647 676 Ετῐί,.ι1ἰνο“ῑείεείηηε
673 589 813 659 induant
834 579 975 680 ligoraS,
989 585 1068 680 'qdae
1084 581 1143 658 tibi
1162 594 1316 659 suntan-

280 708 381 800 gnitae
403 717 436 780 et
461 729 535 800 quae
553 708 711 778 mundum
727 709 930 779 constituant
950 717 984 780 et
1003 715 1182 779 exornant.
1205 707 1320 779 Unum

281 839 332 901 est
352 850 550 926 responsum
573 831 750 924 primordia
771 831 924 915 misceri,
945 851 1010 902 non
1029 831 1228 923 qood.alia,‘
1244 830 1318 900 aliis

281 954 381 1024 citios
408 954 583 1041 cadentia,
618 956 763 1047 gignant
790 953 904 1047 plagas
931 967 964 1025 et
995 954 1161 1046 genitales
1188 960 1317 1037 motus,

284 1075 408 1168 quippe
431 1097 489 1168 per
519 1076 617 1148 inane
643 1078 753 1148 omnia
778 1077 980 1168 ponderibus
1004 1082 1071 1148 non
1089 1075 1194 1168 aequis
1223 1089 1320 1166 aeque

187 1261 193 1270 .
285 1197 415 1268 concita
435 1199 510 1269 terri
525 1208 653 1272 certum
667 1208 719 1269 est
734 1195 810 1294 (1),3
830 1198 888 1268 sed
905 1197 992 1290 qood
1014 1195 1233 1267 declinatione
1255 1195 1322 1264 mi-

286 1318 610 1424 nima‚qnae,u·tipsa
622 1319 906 1394 rerumelementa
918 1320 972 1390 vel
985 1317 1174 1404 simulacra,
1190 1327 1323 1391 nostros

286 1459 408 1510 sensus
444 1441 547 1532 fugit,
580 1443 732 1534 quaedom
763 1439 900 1536 corpora
937 1443 1011 1512 aliis
1041 1463 1060 1512 a
1088 1442 1189 1512 latere
1217 1440 1324 1511 olien-

258 1569 265 1587 '
289 1561 371 1632 dunt
387 1559 463 1659 (ἓ),
492 1572 592 1658 atque
614 1566 705 1636 illam
731 1565 843 1637 subito
869 1573 1005 1636 roovent
1028 1563 1324 1638 debacchationem

289 1693 430 1773 naturae,
445 1688 556 1756 omnia
570 1689 718 1760 vicissim
731 1689 889 1777 creantis,
903 1688 974 1758 sine
988 1686 1235 1758 intermissione
1249 1707 1327 1756 mo·

292 1806 394 1876 ritura
412 1816 512 1900 atque
525 1810 724 1880 omnimodis
739 1819 908 1880 renatare.

300 1909 303 1918 ¹
340 1923 448 2018 Urges
466 1938 579 2000 tamen
593 1938 627 2000 et
648 1930 732 2000 scire
748 1930 800 1999 vis
815 1950 915 2020 qaam
931 1949 1044 1999 rernm
1061 1928 1184 1999 seriem
1209 1927 1243 2000 io
1263 1927 1330 2010 hoc

293 2037 420 2120 infinito
433 2051 680 2123 innumerorum
694 2072 871 2144 corporum
891 2071 1055 2132 concursu
1070 2052 1167 2142 sequi
1187 2059 1329 2123 etcom·

295 2157 503 2262 prehendere
528 2175 649 2266 possis.
682 2172 741 2244 Cui
770 2174 830 2244 toti
856 2173 1028 2266 capiendae
1056 2175 1163 2266 impar
1192 2181 1245 2242 est
1273 2181 1331 2243 tua

295 2311 410 2394 mens,
439 2315 514 2385 quae
551 2303 694 2386 angusto
722 2295 880 2386 temporis
903 2305 937 2365 et
957 2295 1020 2366 loci
1039 2297 1146 2388 spatio
1169 2301 1329 2374 arctatur.

295 2413 538 2488 Tantummodo
559 2438 601 2488 ne
617 2418 823 2491 oblivisceris
836 2420 923 2512 quod
941 2431 992 2494 est
1008 2422 1074 2492 tine
1086 2440 1215 2504 carere,
1231 2428 1333 2510 atque

299 2538 330 2607 id
344 2517 470 2609 tantum
479 2538 569 2632 quod
582 2541 631 2626 tn,
644 2527 678 2610 et
687 2541 780 2632 cujus
786 2559 863 2634 pars
874 2562 924 2630 es,
937 2543 1003 2612 line
1013 2542 1180 2636 modoque
1188 2538 1330 2627 includi;

299 2660 381 2732 rtilril
399 2661 518 2756 inipso
536 2665 676 2737 materia
689 2686 763 2736 esse
774 2665 950 2747 dissimile,
965 2661 1334 2737 nihilantemsimilein

300 2805 411 2882 rernm
438 2795 570 2857 natura.
602 2784 685 2869 Quid
709 2786 809 2876 igitur
826 2785 970 2876 primum
989 2786 1108 2860 lactum
1124 2787 1180 2872 sit,
1199 2783 1281 2877 quid
1291 2784 1339 2870 sit

302 2912 420 2996 postea¹
434 2905 637 3000 laciendum,
657 2906 793 2986 minime
807 2916 944 2996 apparet
957 2907 1015 2978 tibi
1029 2916 1152 2978 aetema
1168 2906 1337 2976 elementa

304 3014 358 3100 nel
374 3017 699 3122 prasentem'eomm
713 3030 1008 3122 congregationem
1021 3027 1270 3130 contemplanti.
1282 3026 1336 3098 Nil

305 3152 392 3223 enim
409 3153 574 3244 agnoscis,
595 3153 659 3224 nisi
680 3175 723 3224 ex
747 3153 865 3240 iisdem
884 3153 1089 3244 corporibus,
1107 3159 1205 3243 prout
1222 3169 1338 3221 eorum

306 3296 481 3350 numerus.
496 3275 679 3368 dispositio,
696 3275 854 3368 positura,
869 3274 950 3346 ordo
966 3284 999 3346 et
1011 3276 1120 3366 ligura
1133 3270 1189 3370 (5)
1204 3282 1337 3344 moten-

307 3407 374 3484 tur,
391 3398 637 3470 diversissimas
654 3417 708 3467 res
723 3407 896 3480 constare;
923 3397 1122 3488 laudaliter
1140 3416 1182 3466 ac
1207 3397 1236 3465 si
1264 3393 1342 3486 quis

308 3519 489 3590 litterarum
511 3518 680 3590 elementa
704 3529 760 3590 aut
777 3519 867 3612 ipsas
889 3520 1016 3613 litteras
1032 3519 1123 3596 vario
1147 3537 1286 3588 numero
1302 3521 1342 3583 et

350 3731 672 3812 (l)ld.‚tr‚295-tll.

352 3833 400 3916 (2)
415 3837 472 3906 ld⁸¹
483 3853 520 3908 ιι,
536 3837 678 3910 ald-tat,
689 3839 833 3898 att-250.

312 3945 316 3956 ‘
350 3937 400 4021 (3)
410 3939 501 4002 Verba
513 3945 613 4019 quihus
627 3945 686 4018 ipse
699 3943 835 4020 Epicuros
852 3947 882 4004 in
891 3945 961 4002 libro
975 3949 1037 4023 Περὶ
1049 3949 1153 4022 φύσεως
1167 3943 1251 4002 utitor
1263 3949 1345 4000 santa

314 4053 401 4117 ῠὲσις,
416 4051 505 4120 τάξις,
519 4060 614 4130 σχῆμα
630 4059 657 4109 el
673 4047 1060 4129 &nimpe-Empedocles,
1080 4053 1147 4110 edit.
1161 4047 1301 4118 limatam,
1315 4061 1346 4114 V,

320 4153 463 4213 150464.
569 4162 572 4168 ’
612 4171 615 4182 ’
1180 4163 1183 4170 ’
