<?xml version="1.0" encoding="UTF-8"?>
<!DOCTYPE html PUBLIC "-//W3C//DTD XHTML 1.0 Transitional//EN"
    "http://www.w3.org/TR/xhtml1/DTD/xhtml1-transitional.dtd">
<html xmlns="http://www.w3.org/1999/xhtml" xml:lang="en" lang="en">
 <head>
  <title>
</title>
<meta http-equiv="Content-Type" content="text/html;charset=utf-8" />
  <meta name='ocr-system' content='tesseract 3.04.00' />
  <meta name='ocr-capabilities' content='ocr_page ocr_carea ocr_par ocr_line ocrx_word'/>
</head>
<body>
  <div class='ocr_page' id='page_1' title='image "./delucretiimetap00suckgoog_0029.png"; bbox 0 0 3086 5068; ppageno 0'>
   <div class='ocr_carea' id='block_1_1' title="bbox 775 483 916 542">
    <p class='ocr_par' dir='ltr' id='par_1_1' title="bbox 775 483 916 542">
     <span class='ocr_line' id='line_1_1' title="bbox 775 483 916 542; baseline 0.014 -14"><span class='ocrx_word' id='word_1_1' title='bbox 775 483 916 542; x_wconf 74' lang='lat' dir='ltr'><strong>..a-</strong></span> 
     </span>
    </p>
   </div>
   <div class='ocr_carea' id='block_1_2' title="bbox 323 609 1363 1318">
    <p class='ocr_par' dir='ltr' id='par_1_2' title="bbox 323 609 1363 1318">
     <span class='ocr_line' id='line_1_2' title="bbox 323 609 1362 705; baseline 0.001 -21"><span class='ocrx_word' id='word_1_2' title='bbox 323 621 421 696; x_wconf 68' lang='lat' dir='ltr'><strong>andes</strong></span> <span class='ocrx_word' id='word_1_3' title='bbox 447 620 548 704; x_wconf 69' lang='lat' dir='ltr'><strong>eique</strong></span> <span class='ocrx_word' id='word_1_4' title='bbox 577 610 803 704; x_wconf 80' lang='lat' dir='ltr'><strong>gubernantes</strong></span> <span class='ocrx_word' id='word_1_5' title='bbox 811 633 823 695; x_wconf 44' lang='lat' dir='ltr'><strong>;w</strong></span> <span class='ocrx_word' id='word_1_6' title='bbox 856 609 937 683; x_wconf 88' lang='lat' dir='ltr'>nihil</span> <span class='ocrx_word' id='word_1_7' title='bbox 962 611 1138 704; x_wconf 81' lang='lat' dir='ltr'><strong>pmfieias,</strong></span> <span class='ocrx_word' id='word_1_8' title='bbox 1165 633 1270 705; x_wconf 87' lang='lat' dir='ltr'><strong>quum</strong></span> <span class='ocrx_word' id='word_1_9' title='bbox 1303 631 1362 685; x_wconf 81' lang='lat' dir='ltr'><strong>aas</strong></span> 
     </span>
     <span class='ocr_line' id='line_1_3' title="bbox 323 733 1363 828; baseline 0.002 -22"><span class='ocrx_word' id='word_1_10' title='bbox 323 755 423 818; x_wconf 85' lang='lat' dir='ltr'><strong>suum</strong></span> <span class='ocrx_word' id='word_1_11' title='bbox 437 733 670 828; x_wconf 76' lang='lat' dir='ltr'><strong>imperfectum</strong></span> <span class='ocrx_word' id='word_1_12' title='bbox 682 754 767 826; x_wconf 83' lang='lat' dir='ltr'><strong>opus</strong></span> <span class='ocrx_word' id='word_1_13' title='bbox 780 735 872 806; x_wconf 92' lang='lat' dir='ltr'><strong>omni</strong></span> <span class='ocrx_word' id='word_1_14' title='bbox 886 733 962 826; x_wconf 85' lang='lat' dir='ltr'><strong>lega</strong></span> <span class='ocrx_word' id='word_1_15' title='bbox 979 743 1046 806; x_wconf 74' lang='lat' dir='ltr'><strong>iam</strong></span> <span class='ocrx_word' id='word_1_16' title='bbox 1063 735 1191 806; x_wconf 74' lang='lat' dir='ltr'><strong>solutos</strong></span> <span class='ocrx_word' id='word_1_17' title='bbox 1205 743 1363 820; x_wconf 63' lang='lat' dir='ltr'><strong>desuetum</strong></span> 
     </span>
     <span class='ocr_line' id='line_1_4' title="bbox 325 853 1362 950; baseline 0 -24"><span class='ocrx_word' id='word_1_18' title='bbox 325 863 363 926; x_wconf 82' lang='lat' dir='ltr'><strong>ut</strong></span> <span class='ocrx_word' id='word_1_19' title='bbox 372 856 539 928; x_wconf 79' lang='lat' dir='ltr'><strong>contraria</strong></span> <span class='ocrx_word' id='word_1_20' title='bbox 555 876 653 948; x_wconf 85' lang='lat' dir='ltr'><strong>reque</strong></span> <span class='ocrx_word' id='word_1_21' title='bbox 669 853 855 950; x_wconf 81' lang='lat' dir='ltr'><strong>approbare</strong></span> <span class='ocrx_word' id='word_1_22' title='bbox 871 863 905 926; x_wconf 82' lang='lat' dir='ltr'><strong>et</strong></span> <span class='ocrx_word' id='word_1_23' title='bbox 922 854 1006 928; x_wconf 84' lang='lat' dir='ltr'><strong>veile</strong></span> <span class='ocrx_word' id='word_1_24' title='bbox 1020 856 1169 947; x_wconf 78' lang='lat' dir='ltr'><strong>possint3</strong></span> <span class='ocrx_word' id='word_1_25' title='bbox 1188 876 1362 948; x_wconf 87' lang='lat' dir='ltr'><strong>quumque</strong></span> 
     </span>
     <span class='ocr_line' id='line_1_5' title="bbox 324 977 1361 1071; baseline -0.001 -21"><span class='ocrx_word' id='word_1_26' title='bbox 324 977 405 1050; x_wconf 86' lang='lat' dir='ltr'><strong>nihil</strong></span> <span class='ocrx_word' id='word_1_27' title='bbox 422 978 508 1050; x_wconf 77' lang='lat' dir='ltr'><strong>inter</strong></span> <span class='ocrx_word' id='word_1_28' title='bbox 535 978 643 1070; x_wconf 77' lang='lat' dir='ltr'><strong>legem</strong></span> <span class='ocrx_word' id='word_1_29' title='bbox 665 998 741 1071; x_wconf 75' lang='lat' dir='ltr'><strong>que</strong></span> <span class='ocrx_word' id='word_1_30' title='bbox 757 978 901 1048; x_wconf 89' lang='lat' dir='ltr'><strong>hominis</strong></span> <span class='ocrx_word' id='word_1_31' title='bbox 918 985 1064 1052; x_wconf 82' lang='lat' dir='ltr'><strong>mentem</strong></span> <span class='ocrx_word' id='word_1_32' title='bbox 1079 987 1113 1050; x_wconf 80' lang='lat' dir='ltr'><strong>ed</strong></span> <span class='ocrx_word' id='word_1_33' title='bbox 1132 979 1236 1050; x_wconf 78' lang='lat' dir='ltr'><strong>vitam</strong></span> <span class='ocrx_word' id='word_1_34' title='bbox 1250 977 1361 1070; x_wconf 76' lang='lat' dir='ltr'><strong>regii,</strong></span> 
     </span>
     <span class='ocr_line' id='line_1_6' title="bbox 323 1099 1362 1193; baseline -0.004 -18"><span class='ocrx_word' id='word_1_35' title='bbox 323 1101 530 1193; x_wconf 77' lang='lat' dir='ltr'><strong>deorumque</strong></span> <span class='ocrx_word' id='word_1_36' title='bbox 547 1110 717 1188; x_wconf 84' lang='lat' dir='ltr'><strong>naturam,</strong></span> <span class='ocrx_word' id='word_1_37' title='bbox 733 1099 811 1172; x_wconf 86' lang='lat' dir='ltr'><strong>huie</strong></span> <span class='ocrx_word' id='word_1_38' title='bbox 825 1099 959 1192; x_wconf 80' lang='lat' dir='ltr'><strong>optimae</strong></span> <span class='ocrx_word' id='word_1_39' title='bbox 969 1100 1035 1192; x_wconf 83' lang='lat' dir='ltr'><strong>legi</strong></span> <span class='ocrx_word' id='word_1_40' title='bbox 1048 1101 1170 1192; x_wconf 78' lang='lat' dir='ltr'><strong>saepius</strong></span> <span class='ocrx_word' id='word_1_41' title='bbox 1181 1101 1362 1182; x_wconf 55' lang='lat' dir='ltr'><strong>adversane</strong></span> 
     </span>
     <span class='ocr_line' id='line_1_7' title="bbox 324 1220 986 1318; baseline -0.002 -22"><span class='ocrx_word' id='word_1_42' title='bbox 324 1225 406 1296; x_wconf 78' lang='lat' dir='ltr'><strong>tium</strong></span> <span class='ocrx_word' id='word_1_43' title='bbox 422 1220 493 1318; x_wconf 82' lang='lat'><strong>(1),</strong></span> <span class='ocrx_word' id='word_1_44' title='bbox 513 1245 691 1296; x_wconf 79' lang='lat' dir='ltr'><strong>commune</strong></span> <span class='ocrx_word' id='word_1_45' title='bbox 703 1223 855 1296; x_wconf 90' lang='lat' dir='ltr'><strong>invenire</strong></span> <span class='ocrx_word' id='word_1_46' title='bbox 868 1245 986 1317; x_wconf 86' lang='lat' dir='ltr'><strong>queas.</strong></span> 
     </span>
    </p>
   </div>
   <div class='ocr_carea' id='block_1_3' title="bbox 322 1357 1363 2180">
    <p class='ocr_par' dir='ltr' id='par_1_3' title="bbox 322 1357 1363 2180">
     <span class='ocr_line' id='line_1_8' title="bbox 328 1357 1363 1451; baseline 0.001 -23"><span class='ocrx_word' id='word_1_47' title='bbox 328 1402 333 1410; x_wconf 90' lang='lat'>-</span> <span class='ocrx_word' id='word_1_48' title='bbox 372 1358 437 1429; x_wconf 82' lang='lat' dir='ltr'><strong>Fas</strong></span> <span class='ocrx_word' id='word_1_49' title='bbox 460 1357 688 1430; x_wconf 79' lang='lat' dir='ltr'><strong>tantummodo</strong></span> <span class='ocrx_word' id='word_1_50' title='bbox 711 1359 836 1430; x_wconf 74' lang='lat' dir='ltr'><strong>sentire</strong></span> <span class='ocrx_word' id='word_1_51' title='bbox 870 1385 886 1424; x_wconf 79' lang='lat' dir='ltr'><strong>n</strong></span> <span class='ocrx_word' id='word_1_52' title='bbox 911 1358 1103 1451; x_wconf 68' lang='lat' dir='ltr'><strong>impositum</strong></span> <span class='ocrx_word' id='word_1_53' title='bbox 1120 1359 1154 1430; x_wconf 91' lang='lat' dir='ltr'><strong>in</strong></span> <span class='ocrx_word' id='word_1_54' title='bbox 1173 1357 1363 1430; x_wconf 78' lang='lat' dir='ltr'><strong>cervicibus</strong></span> 
     </span>
     <span class='ocr_line' id='line_1_9' title="bbox 324 1478 1363 1571; baseline 0 -21"><span class='ocrx_word' id='word_1_55' title='bbox 324 1481 444 1550; x_wconf 76' lang='lat' dir='ltr'><strong>nostris</strong></span> <span class='ocrx_word' id='word_1_56' title='bbox 469 1478 711 1571; x_wconf 75' lang='lat' dir='ltr'><strong>sempiuemum</strong></span> <span class='ocrx_word' id='word_1_57' title='bbox 737 1478 929 1567; x_wconf 90' lang='lat' dir='ltr'><strong>dominum,</strong></span> <span class='ocrx_word' id='word_1_58' title='bbox 958 1499 1058 1571; x_wconf 87' lang='lat' dir='ltr'><strong>quem</strong></span> <span class='ocrx_word' id='word_1_59' title='bbox 1086 1479 1218 1550; x_wconf 79' lang='lat' dir='ltr'><strong>dieser</strong></span> <span class='ocrx_word' id='word_1_60' title='bbox 1245 1486 1363 1550; x_wconf 70' lang='lat' dir='ltr'><strong>noctes</strong></span> 
     </span>
     <span class='ocr_line' id='line_1_10' title="bbox 322 1589 1360 1694; baseline 0 -22"><span class='ocrx_word' id='word_1_61' title='bbox 322 1603 510 1672; x_wconf 73' lang='lat' dir='ltr'><strong>timeamus.</strong></span> <span class='ocrx_word' id='word_1_62' title='bbox 531 1600 611 1685; x_wconf 87' lang='lat' dir='ltr'><strong>Quis</strong></span> <span class='ocrx_word' id='word_1_63' title='bbox 628 1589 717 1672; x_wconf 87' lang='lat' dir='ltr'><strong>enim</strong></span> <span class='ocrx_word' id='word_1_64' title='bbox 735 1621 801 1674; x_wconf 89' lang='lat' dir='ltr'><strong>nen</strong></span> <span class='ocrx_word' id='word_1_65' title='bbox 819 1603 936 1672; x_wconf 73' lang='lat' dir='ltr'><strong>timeat</strong></span> <span class='ocrx_word' id='word_1_66' title='bbox 949 1602 1060 1676; x_wconf 84' lang='lat' dir='ltr'><strong>omnia</strong></span> <span class='ocrx_word' id='word_1_67' title='bbox 1077 1601 1305 1694; x_wconf 78' lang='lat' dir='ltr'><strong>providentem</strong></span> <span class='ocrx_word' id='word_1_68' title='bbox 1323 1609 1360 1672; x_wconf 74' lang='lat' dir='ltr'><strong>ed</strong></span> 
     </span>
     <span class='ocr_line' id='line_1_11' title="bbox 322 1721 1362 1814; baseline -0.003 -20"><span class='ocrx_word' id='word_1_69' title='bbox 322 1721 525 1814; x_wconf 76' lang='lat' dir='ltr'>cogitantem</span> <span class='ocrx_word' id='word_1_70' title='bbox 540 1730 575 1794; x_wconf 75' lang='lat' dir='ltr'><strong>et</strong></span> <span class='ocrx_word' id='word_1_71' title='bbox 588 1722 929 1806; x_wconf 76' lang='lat' dir='ltr'><strong>animadvertentem,</strong></span> <span class='ocrx_word' id='word_1_72' title='bbox 944 1729 977 1794; x_wconf 80' lang='lat' dir='ltr'><strong>ed</strong></span> <span class='ocrx_word' id='word_1_73' title='bbox 989 1724 1101 1794; x_wconf 88' lang='lat' dir='ltr'><strong>amnia</strong></span> <span class='ocrx_word' id='word_1_74' title='bbox 1115 1722 1204 1794; x_wconf 81' lang='lat' dir='ltr'><strong>adse</strong></span> <span class='ocrx_word' id='word_1_75' title='bbox 1218 1723 1362 1814; x_wconf 85' lang='lat' dir='ltr'><strong>pertine-</strong></span> 
     </span>
     <span class='ocr_line' id='line_1_12' title="bbox 324 1840 1358 1940; baseline -0.008 -23"><span class='ocrx_word' id='word_1_76' title='bbox 324 1853 571 1938; x_wconf 71' lang='lat' dir='ltr'><strong>reputantem,</strong></span> <span class='ocrx_word' id='word_1_77' title='bbox 594 1844 762 1917; x_wconf 84' lang='lat' dir='ltr'><strong>curiosum</strong></span> <span class='ocrx_word' id='word_1_78' title='bbox 781 1852 815 1915; x_wconf 82' lang='lat' dir='ltr'><strong>et</strong></span> <span class='ocrx_word' id='word_1_79' title='bbox 838 1845 974 1939; x_wconf 89' lang='lat' dir='ltr'><strong>plenum</strong></span> <span class='ocrx_word' id='word_1_80' title='bbox 997 1846 1121 1936; x_wconf 72' lang='lat' dir='ltr'><strong>negotii</strong></span> <span class='ocrx_word' id='word_1_81' title='bbox 1146 1840 1323 1940; x_wconf 62' lang='lat' dir='ltr'><strong>deumffl).</strong></span> <span class='ocrx_word' id='word_1_82' title='bbox 1340 1873 1358 1909; x_wconf 85' lang='grc'>»</span> 
     </span>
     <span class='ocr_line' id='line_1_13' title="bbox 322 1965 1360 2060; baseline -0.001 -24"><span class='ocrx_word' id='word_1_83' title='bbox 322 1965 450 2058; x_wconf 86' lang='lat' dir='ltr'><strong>Nempe</strong></span> <span class='ocrx_word' id='word_1_84' title='bbox 465 1985 526 2037; x_wconf 83' lang='lat' dir='ltr'><strong>nes</strong></span> <span class='ocrx_word' id='word_1_85' title='bbox 540 1965 600 2036; x_wconf 80' lang='lat' dir='ltr'><strong>doti</strong></span> <span class='ocrx_word' id='word_1_86' title='bbox 613 1966 647 2036; x_wconf 93' lang='lat' dir='ltr'><strong>in</strong></span> <span class='ocrx_word' id='word_1_87' title='bbox 665 1965 753 2036; x_wconf 86' lang='lat' dir='ltr'><strong>iliius</strong></span> <span class='ocrx_word' id='word_1_88' title='bbox 768 1985 887 2051; x_wconf 88' lang='lat' dir='ltr'><strong>manu,</strong></span> <span class='ocrx_word' id='word_1_89' title='bbox 905 1987 1013 2060; x_wconf 89' lang='lat' dir='ltr'><strong>neque</strong></span> <span class='ocrx_word' id='word_1_90' title='bbox 1032 1965 1215 2037; x_wconf 86' lang='lat' dir='ltr'><strong>ullomodo</strong></span> <span class='ocrx_word' id='word_1_91' title='bbox 1233 1965 1266 2036; x_wconf 91' lang='lat' dir='ltr'><strong>in</strong></span> <span class='ocrx_word' id='word_1_92' title='bbox 1282 1985 1360 2035; x_wconf 90' lang='lat' dir='ltr'><strong>nos·</strong></span> 
     </span>
     <span class='ocr_line' id='line_1_14' title="bbox 322 2086 1159 2180; baseline -0.002 -20"><span class='ocrx_word' id='word_1_93' title='bbox 322 2099 372 2160; x_wconf 85' lang='lat' dir='ltr'><strong>tra</strong></span> <span class='ocrx_word' id='word_1_94' title='bbox 386 2096 550 2180; x_wconf 73' lang='lat' dir='ltr'><strong>potestate</strong></span> <span class='ocrx_word' id='word_1_95' title='bbox 564 2107 639 2158; x_wconf 86' lang='lat' dir='ltr'><strong>esse</strong></span> <span class='ocrx_word' id='word_1_96' title='bbox 653 2086 747 2159; x_wconf 92' lang='lat' dir='ltr'><strong>nubis</strong></span> <span class='ocrx_word' id='word_1_97' title='bbox 760 2088 933 2159; x_wconf 89' lang='lat' dir='ltr'><strong>videamur</strong></span> <span class='ocrx_word' id='word_1_98' title='bbox 948 2106 1088 2160; x_wconf 85' lang='lat' dir='ltr'><strong>neeesse</strong></span> <span class='ocrx_word' id='word_1_99' title='bbox 1097 2096 1159 2159; x_wconf 79' lang='lat' dir='ltr'><strong>est.</strong></span> 
     </span>
    </p>
   </div>
   <div class='ocr_carea' id='block_1_4' title="bbox 321 2217 1361 3048">
    <p class='ocr_par' dir='ltr' id='par_1_4' title="bbox 321 2217 1361 3048">
     <span class='ocr_line' id='line_1_15' title="bbox 372 2217 1361 2310; baseline 0 -20"><span class='ocrx_word' id='word_1_100' title='bbox 372 2219 566 2290; x_wconf 68' lang='lat' dir='ltr'><strong>renermo&#39;s</strong></span> <span class='ocrx_word' id='word_1_101' title='bbox 577 2217 666 2290; x_wconf 87' lang='lat' dir='ltr'><strong>nulia</strong></span> <span class='ocrx_word' id='word_1_102' title='bbox 679 2220 783 2310; x_wconf 72' lang='lat' dir='ltr'><strong>possit</strong></span> <span class='ocrx_word' id='word_1_103' title='bbox 795 2220 904 2290; x_wconf 82' lang='lat' dir='ltr'><strong>salvus</strong></span> <span class='ocrx_word' id='word_1_104' title='bbox 919 2227 953 2290; x_wconf 79' lang='lat' dir='ltr'><strong>ei</strong></span> <span class='ocrx_word' id='word_1_105' title='bbox 967 2219 1219 2291; x_wconf 85' lang='lat' dir='ltr'><strong>seeumsiaeere</strong></span> <span class='ocrx_word' id='word_1_106' title='bbox 1236 2219 1361 2310; x_wconf 73' lang='lat' dir='ltr'><strong>ignutae</strong></span> 
     </span>
     <span class='ocr_line' id='line_1_16' title="bbox 323 2340 1359 2434; baseline -0.002 -22"><span class='ocrx_word' id='word_1_107' title='bbox 323 2341 406 2433; x_wconf 80' lang='lat' dir='ltr'><strong>legis</strong></span> <span class='ocrx_word' id='word_1_108' title='bbox 420 2341 621 2413; x_wconf 73' lang='lat' dir='ltr'><strong>obedientia.</strong></span> <span class='ocrx_word' id='word_1_109' title='bbox 640 2341 711 2412; x_wconf 90' lang='lat' dir='ltr'><strong>Non</strong></span> <span class='ocrx_word' id='word_1_110' title='bbox 727 2341 816 2411; x_wconf 89' lang='lat' dir='ltr'><strong>enim</strong></span> <span class='ocrx_word' id='word_1_111' title='bbox 831 2341 969 2414; x_wconf 90' lang='lat' dir='ltr'><strong>deorum</strong></span> <span class='ocrx_word' id='word_1_112' title='bbox 985 2351 1035 2413; x_wconf 81' lang='lat' dir='ltr'><strong>esi</strong></span> <span class='ocrx_word' id='word_1_113' title='bbox 1050 2340 1233 2433; x_wconf 86' lang='lat' dir='ltr'><strong>imperare,</strong></span> <span class='ocrx_word' id='word_1_114' title='bbox 1250 2361 1359 2434; x_wconf 86' lang='lat' dir='ltr'><strong>neque</strong></span> 
     </span>
     <span class='ocr_line' id='line_1_17' title="bbox 321 2463 1356 2557; baseline -0.002 -23"><span class='ocrx_word' id='word_1_115' title='bbox 321 2473 471 2535; x_wconf 68' lang='lat' dir='ltr'><strong>nestrum</strong></span> <span class='ocrx_word' id='word_1_116' title='bbox 490 2483 629 2556; x_wconf 84' lang='lat' dir='ltr'><strong>parere;</strong></span> <span class='ocrx_word' id='word_1_117' title='bbox 653 2464 714 2534; x_wconf 88' lang='lat' dir='ltr'><strong>sed</strong></span> <span class='ocrx_word' id='word_1_118' title='bbox 731 2463 793 2556; x_wconf 90' lang='lat' dir='ltr'><strong>ipsi</strong></span> <span class='ocrx_word' id='word_1_119' title='bbox 814 2463 901 2557; x_wconf 89' lang='lat' dir='ltr'><strong>quod</strong></span> <span class='ocrx_word' id='word_1_120' title='bbox 916 2464 1052 2534; x_wconf 79' lang='lat' dir='ltr'><strong>arbitrio</strong></span> <span class='ocrx_word' id='word_1_121' title='bbox 1068 2485 1130 2533; x_wconf 87' lang='lat' dir='ltr'><strong>suo</strong></span> <span class='ocrx_word' id='word_1_122' title='bbox 1153 2464 1356 2550; x_wconf 84' lang='lat' dir='ltr'><strong>deerevere,</strong></span> 
     </span>
     <span class='ocr_line' id='line_1_18' title="bbox 322 2583 1358 2682; baseline 0 -25"><span class='ocrx_word' id='word_1_123' title='bbox 322 2587 366 2658; x_wconf 89' lang='lat' dir='ltr'><strong>dii</strong></span> <span class='ocrx_word' id='word_1_124' title='bbox 384 2587 418 2659; x_wconf 93' lang='lat' dir='ltr'><strong>in</strong></span> <span class='ocrx_word' id='word_1_125' title='bbox 433 2586 528 2660; x_wconf 90' lang='lat' dir='ltr'><strong>nobis</strong></span> <span class='ocrx_word' id='word_1_126' title='bbox 542 2587 667 2659; x_wconf 78' lang='lat' dir='ltr'><strong>iaciunt</strong></span> <span class='ocrx_word' id='word_1_127' title='bbox 681 2597 890 2682; x_wconf 71' lang='lat' dir='ltr'><strong>mutantque.</strong></span> <span class='ocrx_word' id='word_1_128' title='bbox 915 2583 1002 2659; x_wconf 81' lang='lat' dir='ltr'><strong>Nrnu</strong></span> <span class='ocrx_word' id='word_1_129' title='bbox 1016 2609 1077 2658; x_wconf 84' lang='lat' dir='ltr'><strong>nos</strong></span> <span class='ocrx_word' id='word_1_130' title='bbox 1093 2587 1227 2679; x_wconf 81' lang='lat' dir='ltr'><strong>agenda</strong></span> <span class='ocrx_word' id='word_1_131' title='bbox 1241 2607 1358 2658; x_wconf 89' lang='lat' dir='ltr'><strong>eorum</strong></span> 
     </span>
     <span class='ocr_line' id='line_1_19' title="bbox 321 2709 1360 2803; baseline 0 -24"><span class='ocrx_word' id='word_1_132' title='bbox 321 2709 570 2802; x_wconf 77' lang='lat' dir='ltr'><strong>omnipotentia</strong></span> <span class='ocrx_word' id='word_1_133' title='bbox 596 2710 761 2782; x_wconf 81' lang='lat' dir='ltr'><strong>addimus.</strong></span> <span class='ocrx_word' id='word_1_134' title='bbox 793 2710 879 2781; x_wconf 82' lang='lat' dir='ltr'><strong>Nihil</strong></span> <span class='ocrx_word' id='word_1_135' title='bbox 910 2711 974 2803; x_wconf 86' lang='lat' dir='ltr'><strong>ipsi</strong></span> <span class='ocrx_word' id='word_1_136' title='bbox 997 2710 1092 2780; x_wconf 85' lang='lat' dir='ltr'><strong>nobis</strong></span> <span class='ocrx_word' id='word_1_137' title='bbox 1124 2709 1259 2781; x_wconf 78' lang='lat' dir='ltr'><strong>debent.</strong></span> <span class='ocrx_word' id='word_1_138' title='bbox 1288 2711 1360 2780; x_wconf 87' lang='lat' dir='ltr'><strong>lma</strong></span> 
     </span>
     <span class='ocr_line' id='line_1_20' title="bbox 321 2831 1361 2925; baseline 0.003 -24"><span class='ocrx_word' id='word_1_139' title='bbox 321 2831 448 2902; x_wconf 90' lang='lat' dir='ltr'><strong>nullum</strong></span> <span class='ocrx_word' id='word_1_140' title='bbox 464 2849 575 2924; x_wconf 89' lang='lat' dir='ltr'><strong>neque</strong></span> <span class='ocrx_word' id='word_1_141' title='bbox 588 2833 654 2915; x_wconf 89' lang='lat' dir='ltr'><strong>sui,</strong></span> <span class='ocrx_word' id='word_1_142' title='bbox 671 2853 780 2924; x_wconf 90' lang='lat' dir='ltr'><strong>neque</strong></span> <span class='ocrx_word' id='word_1_143' title='bbox 790 2832 863 2924; x_wconf 87' lang='lat' dir='ltr'><strong>ejus</strong></span> <span class='ocrx_word' id='word_1_144' title='bbox 873 2833 960 2924; x_wconf 89' lang='lat' dir='ltr'><strong>quod</strong></span> <span class='ocrx_word' id='word_1_145' title='bbox 968 2832 1268 2904; x_wconf 78' lang='lat' dir='ltr'><strong>nostrundiernus</strong></span> <span class='ocrx_word' id='word_1_146' title='bbox 1281 2853 1361 2925; x_wconf 88' lang='lat' dir='ltr'><strong>ope·</strong></span> 
     </span>
     <span class='ocr_line' id='line_1_21' title="bbox 322 2954 1359 3048; baseline 0 -25"><span class='ocrx_word' id='word_1_147' title='bbox 322 2955 380 3036; x_wconf 89' lang='lat' dir='ltr'><strong>ris,</strong></span> <span class='ocrx_word' id='word_1_148' title='bbox 391 2954 725 3044; x_wconf 81' lang='lat' dir='ltr'><strong>respeorunhabenr.</strong></span> <span class='ocrx_word' id='word_1_149' title='bbox 741 2955 826 3040; x_wconf 82' lang='lat' dir='ltr'><strong>Quid</strong></span> <span class='ocrx_word' id='word_1_150' title='bbox 842 2955 931 3027; x_wconf 91' lang='lat' dir='ltr'><strong>enim</strong></span> <span class='ocrx_word' id='word_1_151' title='bbox 944 2964 1074 3026; x_wconf 78' lang='lat' dir='ltr'><strong>eertum</strong></span> <span class='ocrx_word' id='word_1_152' title='bbox 1087 2964 1126 3027; x_wconf 81' lang='lat' dir='ltr'><strong>eu</strong></span> <span class='ocrx_word' id='word_1_153' title='bbox 1139 2955 1309 3048; x_wconf 88' lang='lat' dir='ltr'><strong>proprium</strong></span> <span class='ocrx_word' id='word_1_154' title='bbox 1326 2957 1359 3024; x_wconf 88' lang='lat' dir='ltr'><strong>in</strong></span> 
     </span>
    </p>
   </div>
   <div class='ocr_carea' id='block_1_5' title="bbox 210 3075 1358 3167">
    <p class='ocr_par' dir='ltr' id='par_1_5' title="bbox 210 3075 1358 3167">
     <span class='ocr_line' id='line_1_22' title="bbox 210 3075 1358 3167; baseline 0 -21"><span class='ocrx_word' id='word_1_155' title='bbox 210 3105 214 3119; x_wconf 94' lang='lat'>·</span> <span class='ocrx_word' id='word_1_156' title='bbox 321 3075 948 3167; x_wconf 69' lang='lat' dir='ltr'><strong>ignorauimutabiiieorumvoinntare</strong></span> <span class='ocrx_word' id='word_1_157' title='bbox 960 3075 1077 3149; x_wconf 75' lang='lat' dir='ltr'><strong>dieas?</strong></span> <span class='ocrx_word' id='word_1_158' title='bbox 1090 3077 1230 3148; x_wconf 80' lang='lat' dir='ltr'><strong>Facilius</strong></span> <span class='ocrx_word' id='word_1_159' title='bbox 1241 3075 1358 3148; x_wconf 78' lang='lat' dir='ltr'><strong>oceani</strong></span> 
     </span>
    </p>
   </div>
   <div class='ocr_carea' id='block_1_6' title="bbox 321 3191 1361 3411">
    <p class='ocr_par' dir='ltr' id='par_1_6' title="bbox 321 3191 1361 3411">
     <span class='ocr_line' id='line_1_23' title="bbox 321 3191 1361 3291; baseline 0 -23"><span class='ocrx_word' id='word_1_160' title='bbox 321 3197 441 3268; x_wconf 79' lang='lat' dir='ltr'><strong>duetus</strong></span> <span class='ocrx_word' id='word_1_161' title='bbox 459 3191 616 3268; x_wconf 81' lang='lat' dir='ltr'><strong>numeres</strong></span> <span class='ocrx_word' id='word_1_162' title='bbox 629 3217 737 3290; x_wconf 86' lang='lat' dir='ltr'><strong>quam</strong></span> <span class='ocrx_word' id='word_1_163' title='bbox 752 3199 891 3270; x_wconf 82' lang='lat' dir='ltr'><strong>munnae</strong></span> <span class='ocrx_word' id='word_1_164' title='bbox 911 3198 999 3270; x_wconf 83' lang='lat' dir='ltr'><strong>iliius</strong></span> <span class='ocrx_word' id='word_1_165' title='bbox 1019 3200 1178 3291; x_wconf 73' lang='lat' dir='ltr'><strong>potentiae</strong></span> <span class='ocrx_word' id='word_1_166' title='bbox 1200 3199 1361 3269; x_wconf 76' lang='lat' dir='ltr'><strong>termines</strong></span> 
     </span>
     <span class='ocr_line' id='line_1_24' title="bbox 321 3319 1255 3411; baseline 0.002 -22"><span class='ocrx_word' id='word_1_167' title='bbox 321 3319 504 3411; x_wconf 82' lang='lat' dir='ltr'><strong>modosque</strong></span> <span class='ocrx_word' id='word_1_168' title='bbox 521 3321 686 3411; x_wconf 80' lang='lat' dir='ltr'><strong>assignes.</strong></span> <span class='ocrx_word' id='word_1_169' title='bbox 1253 3335 1255 3340; x_wconf 88' lang='grc'><strong><em>·</em></strong></span> 
     </span>
    </p>
   </div>
   <div class='ocr_carea' id='block_1_7' title="bbox 321 3453 1385 3916">
    <p class='ocr_par' dir='ltr' id='par_1_7' title="bbox 321 3453 1385 3916">
     <span class='ocr_line' id='line_1_25' title="bbox 370 3453 1359 3548; baseline 0.004 -25"><span class='ocrx_word' id='word_1_170' title='bbox 370 3453 587 3546; x_wconf 84' lang='lat' dir='ltr'><strong>Quocumque</strong></span> <span class='ocrx_word' id='word_1_171' title='bbox 606 3456 707 3548; x_wconf 73' lang='lat' dir='ltr'><strong>igitur</strong></span> <span class='ocrx_word' id='word_1_172' title='bbox 723 3457 843 3527; x_wconf 79' lang='lat' dir='ltr'><strong>meniis</strong></span> <span class='ocrx_word' id='word_1_173' title='bbox 861 3455 967 3529; x_wconf 86' lang='lat' dir='ltr'><strong>aeiem</strong></span> <span class='ocrx_word' id='word_1_174' title='bbox 987 3456 1160 3545; x_wconf 77' lang='lat' dir='ltr'><strong>intendas,</strong></span> <span class='ocrx_word' id='word_1_175' title='bbox 1181 3455 1261 3526; x_wconf 82' lang='lat' dir='ltr'><strong>nihii</strong></span> <span class='ocrx_word' id='word_1_176' title='bbox 1276 3477 1359 3548; x_wconf 87' lang='lat' dir='ltr'><strong>per-</strong></span> 
     </span>
     <span class='ocr_line' id='line_1_26' title="bbox 321 3575 1360 3670; baseline 0.002 -24"><span class='ocrx_word' id='word_1_177' title='bbox 321 3578 441 3669; x_wconf 82' lang='lat' dir='ltr'><strong>spieias</strong></span> <span class='ocrx_word' id='word_1_178' title='bbox 453 3578 514 3648; x_wconf 87' lang='lat' dir='ltr'><strong>nisi</strong></span> <span class='ocrx_word' id='word_1_179' title='bbox 532 3575 646 3650; x_wconf 89' lang='lat' dir='ltr'><strong>mundi</strong></span> <span class='ocrx_word' id='word_1_180' title='bbox 660 3581 826 3652; x_wconf 81' lang='lat' dir='ltr'><strong>creaioies</strong></span> <span class='ocrx_word' id='word_1_181' title='bbox 839 3580 934 3668; x_wconf 88' lang='lat' dir='ltr'><strong>deos,</strong></span> <span class='ocrx_word' id='word_1_182' title='bbox 948 3587 982 3651; x_wconf 79' lang='lat' dir='ltr'><strong>ed</strong></span> <span class='ocrx_word' id='word_1_183' title='bbox 996 3579 1172 3663; x_wconf 89' lang='lat' dir='ltr'><strong>mundum,</strong></span> <span class='ocrx_word' id='word_1_184' title='bbox 1185 3587 1360 3670; x_wconf 77' lang='lat' dir='ltr'><strong>perpetum</strong></span> 
     </span>
     <span class='ocr_line' id='line_1_27' title="bbox 322 3697 1385 3794; baseline -0.003 -21"><span class='ocrx_word' id='word_1_185' title='bbox 322 3703 495 3773; x_wconf 74' lang='lat' dir='ltr'><strong>mutationi</strong></span> <span class='ocrx_word' id='word_1_186' title='bbox 508 3703 657 3788; x_wconf 71' lang='lat' dir='ltr'><strong>traditos,</strong></span> <span class='ocrx_word' id='word_1_187' title='bbox 674 3711 712 3774; x_wconf 82' lang='lat' dir='ltr'><strong>ur</strong></span> <span class='ocrx_word' id='word_1_188' title='bbox 731 3702 818 3774; x_wconf 89' lang='lat' dir='ltr'><strong>maia</strong></span> <span class='ocrx_word' id='word_1_189' title='bbox 834 3721 941 3794; x_wconf 89' lang='lat' dir='ltr'><strong>usque</strong></span> <span class='ocrx_word' id='word_1_190' title='bbox 953 3697 1162 3774; x_wconf 78' lang='lat' dir='ltr'><strong>renascendis</strong></span> <span class='ocrx_word' id='word_1_191' title='bbox 1180 3701 1237 3773; x_wconf 82' lang='lat' dir='ltr'><strong>ribi</strong></span> <span class='ocrx_word' id='word_1_192' title='bbox 1253 3701 1359 3772; x_wconf 83' lang='lat' dir='ltr'><strong>eenri-</strong></span> <span class='ocrx_word' id='word_1_193' title='bbox 1384 3767 1385 3770; x_wconf 6' lang='lat' dir='ltr'><strong>a</strong></span> 
     </span>
     <span class='ocr_line' id='line_1_28' title="bbox 322 3823 1360 3916; baseline -0.001 -23"><span class='ocrx_word' id='word_1_194' title='bbox 322 3833 477 3895; x_wconf 80' lang='lat' dir='ltr'><strong>nuentur.</strong></span> <span class='ocrx_word' id='word_1_195' title='bbox 497 3824 582 3909; x_wconf 88' lang='lat' dir='ltr'><strong>Quid</strong></span> <span class='ocrx_word' id='word_1_196' title='bbox 606 3823 825 3910; x_wconf 73' lang='lat' dir='ltr'><strong>ultraridam,</strong></span> <span class='ocrx_word' id='word_1_197' title='bbox 845 3823 923 3895; x_wconf 89' lang='lat' dir='ltr'><strong>huie</strong></span> <span class='ocrx_word' id='word_1_198' title='bbox 944 3824 1021 3894; x_wconf 81' lang='lat' dir='ltr'><strong>vilae</strong></span> <span class='ocrx_word' id='word_1_199' title='bbox 1038 3843 1139 3916; x_wconf 87' lang='lat' dir='ltr'><strong>quam</strong></span> <span class='ocrx_word' id='word_1_200' title='bbox 1158 3823 1360 3894; x_wconf 86' lang='lat' dir='ltr'><strong>virissimi-</strong></span> 
     </span>
    </p>
   </div>
   <div class='ocr_carea' id='block_1_8' title="bbox 360 4060 1188 4249">
    <p class='ocr_par' dir='ltr' id='par_1_8' title="bbox 360 4060 1188 4249">
     <span class='ocr_line' id='line_1_29' title="bbox 360 4060 1188 4145; baseline -0.004 -18"><span class='ocrx_word' id='word_1_201' title='bbox 360 4065 411 4145; x_wconf 80' lang='lat' dir='ltr'><strong>(i)</strong></span> <span class='ocrx_word' id='word_1_202' title='bbox 426 4060 548 4137; x_wconf 75' lang='lat' dir='ltr'><strong>Lucan..</strong></span> <span class='ocrx_word' id='word_1_203' title='bbox 562 4083 585 4138; x_wconf 86' lang='lat'><strong>1,</strong></span> <span class='ocrx_word' id='word_1_204' title='bbox 603 4065 671 4126; x_wconf 79' lang='lat'><strong>138.</strong></span> <span class='ocrx_word' id='word_1_205' title='bbox 688 4087 704 4123; x_wconf 90' lang='lat'>«</span> <span class='ocrx_word' id='word_1_206' title='bbox 717 4065 822 4126; x_wconf 75' lang='lat' dir='ltr'><strong>Victrix</strong></span> <span class='ocrx_word' id='word_1_207' title='bbox 836 4085 918 4126; x_wconf 83' lang='lat' dir='ltr'><strong>eausa</strong></span> <span class='ocrx_word' id='word_1_208' title='bbox 930 4069 984 4127; x_wconf 86' lang='lat' dir='ltr'><strong>diis</strong></span> <span class='ocrx_word' id='word_1_209' title='bbox 995 4069 1152 4142; x_wconf 72' lang='lat' dir='ltr'><strong>ahmiu...</strong></span> <span class='ocrx_word' id='word_1_210' title='bbox 1171 4085 1188 4124; x_wconf 80' lang='lat' dir='ltr'><strong>n</strong></span> 
     </span>
     <span class='ocr_line' id='line_1_30' title="bbox 361 4168 870 4249; baseline 0.004 -21"><span class='ocrx_word' id='word_1_211' title='bbox 361 4168 412 4249; x_wconf 73' lang='lat' dir='ltr'><strong>(i)</strong></span> <span class='ocrx_word' id='word_1_212' title='bbox 422 4169 529 4242; x_wconf 72' lang='lat' dir='ltr'><strong>(licen,</strong></span> <span class='ocrx_word' id='word_1_213' title='bbox 544 4169 586 4230; x_wconf 85' lang='lat' dir='ltr'><strong>De</strong></span> <span class='ocrx_word' id='word_1_214' title='bbox 601 4168 667 4228; x_wconf 84' lang='lat' dir='ltr'><strong>Nar.</strong></span> <span class='ocrx_word' id='word_1_215' title='bbox 677 4171 770 4240; x_wconf 74' lang='lat' dir='ltr'><strong>deum,</strong></span> <span class='ocrx_word' id='word_1_216' title='bbox 784 4185 809 4238; x_wconf 85' lang='grc' dir='ltr'><strong>ι,</strong></span> <span class='ocrx_word' id='word_1_217' title='bbox 819 4169 870 4230; x_wconf 73' lang='lat'><strong>20.</strong></span> 
     </span>
    </p>
   </div>
   <div class='ocr_carea' id='block_1_9' title="bbox 0 0 1548 5068">
    <p class='ocr_par' dir='ltr' id='par_1_9' title="bbox 0 0 1548 5068">
     <span class='ocr_line' id='line_1_31' title="bbox 0 0 1548 5068; baseline 0 0"><span class='ocrx_word' id='word_1_218' title='bbox 0 0 1548 5068; x_wconf 95' lang='lat' dir='ltr'><strong> </strong></span> 
     </span>
    </p>
   </div>
  </div>
 </body>
</html>
