3086 5068
630 453 789 510 ...Π-

194 579 289 652 nobis
301 580 485 673 perieulum
496 579 663 669 imminet,
679 604 740 654 uos
755 591 867 655 tantus
881 591 968 654 tenet
980 585 1056 656 vitae
1072 608 1177 672 amor,
1196 598 1232 659 ut

194 712 329 797 propter
343 723 417 773 cem
435 723 553 774 omues
574 703 707 774 vivendi
727 725 845 775 causas
862 704 1002 797 perdere
1021 729 1086 777 nou
1104 710 1233 780 abnuu-

196 846 285 910 mus,
296 833 411 917 ntque‚
426 823 546 898 vitaeiu
556 825 1019 915 futurumservandaeamore,
1033 839 1233 922 praesentem

194 946 286 1017 omni
300 947 399 1017 modo
414 957 665 1018 contemnamus
685 956 785 1040 atque
803 948 1030 1039 repudiemus.
1049 951 1157 1035 Quum
1176 975 1235 1046 per

198 1065 376 1158 angustum
393 1068 456 1138 iter
473 1067 638 1138 luctemur
653 1067 860 1155 ambitionis,
880 1068 958 1160 quid
977 1071 1139 1160 arduum,
1156 1075 1236 1165 quid

199 1189 439 1280 periculosum,
467 1189 545 1283 quid
575 1190 780 1276 violentum,
813 1190 879 1260 imo
912 1192 1112 1281 scelestum,
1148 1196 1234 1287 quod
1349 1193 1354 1202 '

200 1330 261 1381 nos
281 1311 324 1379 ob
346 1309 474 1382 bonore
500 1310 610 1406 atiquo
633 1319 669 1392 et
683 1310 798 1404 eliqua
811 1311 973 1402 dignitate
999 1317 1237 1406 persequendis

200 1433 379 1527 deterrent,
394 1432 472 1506 dum
490 1433 533 1504 ad
551 1433 717 1526 iastiguim
736 1434 968 1526 perveniamus
986 1443 1087 1528 etque
1101 1455 1178 1508 mox
1195 1438 1239 1508 ii-

201 1554 264 1626 lius
280 1555 409 1626 fastidio
423 1555 611 1626 laboremus
627 1564 684 1626 eut
703 1575 827 1648 magna
854 1556 948 1626 ruina
971 1578 1149 1651 pereamus
1166 1555 1235 1653 (i).

202 1678 289 1750 Nibii
314 1689 425 1748 tomen
449 1678 543 1749 bonae
570 1683 650 1749 vitae
677 1677 842 1754 funestius
864 1699 964 1770 quam
985 1701 1086 1772 quum
1112 1682 1240 1752 teminae

202 1823 313 1873 amore
333 1803 543 1885 cruciamur,
570 1801 694 1894 quippe
712 1801 769 1893 qui
795 1802 958 1872 nobismet
980 1803 1060 1894 ipsis
1085 1805 1240 1874 senentis

202 1924 386 1995 obstemus.
404 1924 491 2007 Quot
509 1923 684 1994 commode
701 1925 732 1993 ei
748 1945 849 2017 quern
866 1943 1019 1994 nutamus
1035 1934 1067 1995 et
1081 1925 1238 2014 cupimus

207 2046 394 2130 tribuimus,
419 2067 495 2136 quae
519 2067 600 2118 vere
627 2065 694 2116 uon
713 2045 833 2117 babet!
851 2046 951 2136 Cujus
974 2046 1069 2137 pretii
1085 2045 1247 2126 immensi

210 2167 262 2238 uei
282 2168 415 2238 minima
439 2167 603 2239 babemus
618 2169 706 2238 diota
726 2169 854 2238 inoteve
884 2167 954 2258 ejus
971 2168 1032 2238 sub
1047 2169 1141 2259 eujus
1158 2177 1242 2238 nutu

204 2289 374 2368 ¹desidiose
392 2299 426 2360 et
440 2290 581 2382 turpiter
594 2289 696 2360 vitem
708 2289 863 2378 degimus
880 2283 955 2384 (2ss

258 2424 294 2494 ln
309 2423 463 2494 omnibus
481 2431 593 2493 nutem
607 2421 843 2515 cupiditatibus
859 2423 921 2493 boe
935 2444 1113 2494 commune
1127 2446 1244 2495 earum

210 2545 1246 2639 principiuminvenimus‚rerumsciiieetetnostrummatipso·

211 2687 284 2738 rum
298 2668 529 2758 ignorantiam,
543 2689 618 2760 quae
632 2664 1031 2759 uosjubetimprudenter
1047 2668 1135 2758 quod
1150 2667 1247 2740 adest

210 2791 281 2861 sine
292 2789 358 2860 uiio
373 2789 470 2860 modo
484 2789 594 2859 odisse
609 2797 642 2859 et
657 2789 774 2880 ingere
786 2797 844 2858 aut
857 2786 1016 2858 adamare
1027 2797 1061 2858 et
1076 2789 1243 2883 persequi.

212 2909 527 2982 {mmoderetoeuim
541 2910 662 3002 cupido
679 2931 758 2980 vere
772 2910 900 2980 insania
915 2908 1058 2992 dicetur,
1074 2909 1251 3000 eujusnoi-
1343 2916 1349 2922 '

213 3030 281 3101 ium
301 3031 488 3101 remedium
510 3040 574 3119 est,
596 3032 658 3100 nisi
678 3029 807 3121 singula
829 3029 870 3098 ad
889 3049 984 3098 suom
1006 3047 1197 3134 mensuram
1218 3039 1252 3102 et
1303 3013 1305 3020 ’

212 3173 311 3224 sunm
323 3153 679 3245 pondusaestimemos.
696 3153 775 3222 Inde
793 3161 860 3222 tem
875 3151 1256 3242 iongaeorgumeutatio·

215 3293 276 3344 nes
290 3274 428 3345 Lucretii
441 3295 479 3344 se
490 3275 676 3345 enimomm
693 3273 859 3343 medicum
872 3272 1022 3350 terentis,
1041 3273 1159 3363 quibus
1176 3294 1252 3363 pro·

213 3395 275 3466 'bat
288 3395 368 3465 nibii
384 3396 477 3488 pejus
496 3417 594 3487 quom
611 3397 728 3465 breves
743 3395 847 3465 mutto
861 3403 989 3485 emptas
1004 3394 1116 3463 dolore
1133 3387 1253 3487 voiup·

217 3526 317 3604 tates,
341 3517 421 3588 nihil
436 3526 548 3588 autem
563 3526 687 3587 nuturae
705 3526 826 3587 uostrae
844 3514 1128 3585 accommodatius
1153 3537 1254 3607 quam

217 3639 320 3709 vitum
334 3639 517 3710 seeundum
536 3639 697 3710 rationem
713 3637 896 3708 ordinatam
913 3644 947 3705 et
969 3643 1199 3726 temperatam.
1221 3637 1256 3708 in
1314 3651 1316 3654 ’

259 3873 375 3957 (t)id.,
391 3895 422 3949 v,
437 3877 635 3952 tite-rtem
648 3897 699 3952 ιιι,
713 3879 810 3937 bit-73.

259 3981 308 4062 (9)
321 3982 379 4056 td,
393 4002 437 4057 ιν,
454 3987 636 4046 ross-tres.
