3086 5068
711 420 870 478 ..pp--

322 551 480 624 Naturam
505 549 592 622 hauc
610 559 787 622 externam
802 571 878 642 quoe
897 569 957 620 uos
978 547 1128 620 continet
1146 547 1307 637 fugieba-

276 691 364 758 mus,
376 692 465 744 nunc
477 671 518 742 ad
534 692 607 742 eam
625 672 845 744 redeundum.
863 673 910 744 llli
924 670 1025 742 stulte
1039 671 1203 762 imperare
1219 671 1312 741 vole-

278 795 413 884 bamus,
430 815 522 866 nuno
536 794 565 866 ei
585 796 784 886 parendum.
803 796 851 866 llli
877 794 1048 886 proeluisse
1065 793 1148 870 deus
1167 793 1310 864 arbitra-

277 917 397 988 bamur
424 917 481 1008 qui
506 938 571 988 nou
590 917 702 991 adhue
719 928 806 989 natae
823 919 988 1007 integram
1007 917 1231 1007 cognitionem
1249 916 1311 986 sibi

275 1039 466 1118 finxissent,
479 1045 578 1130 atquc
595 1060 668 1110 eam
680 1039 771 1113 uasei
786 1041 870 1110 lictae
885 1039 963 1110 huic
974 1037 1155 1126 cognitioni
1170 1037 1312 1107 similem

273 1159 469 1252 jussissem
488 1181 577 1233 nuuc
596 1161 655 1232 soli
673 1170 801 1244 naturae
818 1170 852 1232 ct
877 1182 937 1232 sua
955 1160 1049 1251 origo
1073 1170 1108 1231 et
1129 1181 1191 1230 sua
1207 1158 1314 1230 lorma

278 1294 358 1354 sunt
376 1284 571 1357 tribuendae.

327 1421 363 1490 lu
387 1422 551 1504 omnim,
577 1422 661 1492 mala
689 1429 741 1490 est
767 1422 889 1491 mentis
913 1420 1118 1512 anticipatio.
1143 1418 1191 1488 Ne
1210 1417 1315 1508 igitur

280 1541 574 1630 concipiamusaut
588 1550 783 1632 conceptam
798 1541 940 1612 velimus
952 1541 1095 1633 aliquam
1112 1559 1223 1609 rerum
1236 1540 1318 1629 igu-

285 1684 353 1732 ram
375 1663 431 1734 vel
447 1663 637 1742 utilitatem,
660 1684 760 1754 quam
776 1685 840 1734 non
855 1685 969 1735 seeum
986 1684 1040 1733 res
1055 1664 1135 1754 ipsae
1150 1659 1320 1731 attulerint

283 1797 385 1879 atque
413 1786 627 1858 declararint.
659 1787 763 1872 Quam
783 1797 897 1857 autem
916 1786 977 1879 ipsi
1007 1805 1067 1856 uos
1094 1784 1245 1855 subimus
1261 1803 1321 1852 ue·

283 1909 488 1994 cessitatem,
513 1931 588 1980 eam
614 1909 666 1980 vel
684 1908 747 1981 diis
761 1911 937 1982 nobiscum
964 1923 1322 1996 communcmaguos-

284 2051 412 2100 camus.

337 2163 464 2235 Etenim
480 2167 724 2257 experientiam
747 2164 850 2236 solam
869 2164 989 2236 ducem
1004 2163 1100 2255 sequi
1113 2161 1275 2232 debemus
1288 2167 1324 2229 et

288 2305 409 2354 sensus
435 2285 523 2356 solos
545 2287 662 2358 audire
687 2287 878 2377 magistros.
904 2285 959 2356 Sic
977 2285 1137 2356 discimus
1155 2283 1189 2352 iu
1211 2301 1324 2352 rerum

290 2415 408 2477 natura
420 2407 500 2477 nihil
518 2429 539 2478 a
555 2408 655 2480 uilrilo
671 2409 778 2496 nasci,
795 2395 948 2500 vnilrilque
968 2407 1009 2478 ad
1026 2405 1166 2475 uilrilum
1186 2402 1322 2491 reverti,

291 2529 349 2600 sed
362 2531 474 2600 omnia
493 2551 559 2601 non
574 2531 707 2603 omnino
718 2532 864 2624 incipere
880 2550 990 2622 neque
1005 2528 1126 2620 perire,-
1143 2536 1244 2619 atque
1260 2525 1327 2596 ele·

291 2659 492 2733 mentorum,
521 2672 596 2742 quae
623 2673 683 2723 nos
713 2652 846 2743 singula
877 2650 1054 2740 effugiunt,
1074 2648 1133 2719 sed
1154 2647 1339 2739 conjuncta

293 2783 449 2857 movent,
470 2771 595 2842 nullum
610 2793 687 2844 esse
707 2773 910 2866 principium
940 2770 1134 2863 nullumque
1148 2770 1262 2840 finem.

344 3017 395 3086 De
416 3027 575 3110 perpetuu
593 3038 705 3089 rerum
731 3016 922 3090 mutatione.
944 3055 990 3070 -
1008 3014 1091 3100 Quid
1120 3013 1207 3084 enim
1239 3013 1331 3082 nasei

297 3137 349 3208 vel
362 3138 469 3230 perire
482 3141 667 3221 voeasntsi
675 3141 868 3212 coalescere
880 3147 937 3211 aut
950 3134 1165 3233 dissolvi(l)?
1178 3135 1331 3228 Sioquae·

298 3281 364 3352 que
378 3260 462 3330 dunt
481 3261 716 3346 particularum
730 3261 946 3354 adjunctione
965 3258 1079 3350 augeri
1095 3258 1210 3342 vides,
1231 3265 1334 3346 utque

300 3386 491 3456 earumdem
521 3385 684 3457 solutione
707 3385 918 3455 decrescere.
949 3384 1068 3456 Nonne
1091 3392 1203 3453 autem
1223 3381 1339 3450 multoe

300 3512 380 3575 sunt
404 3525 457 3575 res
477 3527 535 3598 per
561 3527 644 3598 quas
661 3507 932 3578 tenuissimarum
954 3507 1098 3600 partium
1114 3506 1149 3576 dt
1166 3503 1337 3575 ellluvium

302 3628 350 3696 ita
372 3638 583 3719 perpetuum,
611 3638 648 3700 ut
667 3631 746 3722 ipaae
769 3629 908 3700 omuino
924 3638 1094 3700 mutentur
1111 3627 1271 3718 novisque
1294 3641 1338 3694 ex

304 3749 482 3820 elementis
499 3748 674 3822 constent?
693 3751 771 3822 Post
787 3759 897 3821 autem
915 3750 1002 3820 lrauc
1017 3765 1210 3841 supremam
1229 3754 1343 3816 muta·

303 3869 428 3940 tionem
442 3892 541 3962 quam
568 3873 884 3955 mortemdicimua,
911 3894 977 3944 uon
1006 3872 1155 3964 corporis
1184 3868 1344 3940 materies

345 4114 395 4197 (l)
409 4089 605 4192 Empedocles,
617 4119 686 4178 edit.
704 4118 843 4189 llarstcin,
858 4118 961 4177 77-89.
