3086 5068
621 467 655 478 ..
682 436 715 494 31
742 467 780 478 -

179 569 306 659 Nempe
320 587 395 662 quae
410 567 497 637 iulor
511 587 546 636 se
562 567 606 636 ilo
624 567 812 637 arctissime
833 567 1007 659 eoojmou
1026 568 1106 640 uilril
1124 569 1214 642 uliud

179 701 257 762 suot
271 710 369 783 quem
385 689 505 782 aliquiul
521 687 709 780 multiplex,
724 709 863 779 vapore,
879 709 972 772 aere,
990 689 1101 762 colore
1115 701 1217 784 elque
1318 769 1320 772 ,

179 813 245 883 alio
260 810 415 903 'quodum
439 811 588 901 corporis
609 831 733 902 genere
757 808 811 900 (l)
837 813 1034 897 conflatum,
1066 813 1155 884 idem
1184 823 1218 884 el

180 943 286 1010 morte
301 931 513 1003 solvendum.
535 931 642 1017 Quum
656 955 750 1019 vero,
777 935 863 1006 bona
877 935 993 1006 mortis
1003 956 1065 1027 spe
1078 936 1214 1026 plerum,

179 1063 215 1125 el
227 1055 325 1124 sortis
338 1063 405 1124 luae
420 1075 500 1124 vere
515 1057 684 1138 conscius,
702 1056 820 1128 eadem
837 1056 910 1138 libi,
927 1077 1004 1148 qum
1018 1057 1151 1128 caeleris
1165 1077 1220 1126 ree

179 1177 255 1264 bus,
273 1176 437 1246 elementa
452 1175 563 1247 inesse
577 1178 715 1266 sentias,
728 1179 808 1270 quid
824 1178 882 1248 riui
894 1179 1014 1250 melius
1028 1199 1107 1250 esse
1115 1187 1219 1270 qoeul

167 1318 280 1391 ouum
295 1317 492 1369 communes
509 1298 753 1395 uoluraeleges
771 1309 839 1372 lole
862 1309 973 1370 meme
993 1321 1143 1391 quaerere
1160 1301 1220 1370 io*

181 1426 365 1512 voulesque
379 1419 551 1511 amplecti,
572 1441 612 1490 eu
628 1441 703 1512 quae
716 1431 752 1508 le
771 1420 881 1504 dcccl,
898 1430 1044 1512 olquam
1062 1419 1145 1493 lerrc
1157 1442 1219 1512 po*

182 1551 246 1624 tes,
260 1541 382 1611 virtulo
400 1545 622 1612 couleulum‘l

229 1661 308 1730 Haeo
322 1661 414 1752 quasi
433 1662 546 1732 ullima
560 1661 602 1732 sil
617 1684 681 1733 vox
701 1663 862 1750 Lucrelii,
881 1663 922 1734 de
938 1665 1083 1734 hominis
1101 1672 1219 1736 nolum

181 1792 217 1853 el
240 1784 305 1854 liue
322 1768 531 1867 disserentis,
554 1803 693 1854 necesse
712 1793 788 1866 esse
813 1785 957 1855 videtur.
975 1785 1102 1855 Nemini
1131 1789 1220 1857 euim

182 1905 322 1989 mirum,
341 1915 457 1976 coulru
471 1905 609 1996 reliqum
624 1908 695 1996 eius
709 1907 868 1976 doctrinm
882 1916 1148 1979 consentaneum
1161 1908 1217 2000 ju·

181 2027 326 2115 dicetur,
341 2026 429 2118 quod
449 2047 509 2098 nos
527 2026 678 2109 suadeat,
694 2028 828 2116 cognito
848 2037 967 2098 ualura
980 2037 1165 2118 cooloolos,
1185 2031 1218 2099 ci

184 2151 345 2253 patienter
361 2151 503 2238 seruire,
529 2161 583 2238 el,
607 2152 705 2243 quale
721 2153 877 2242 jusserit,
901 2173 979 2222 cum
995 2174 1035 2222 eo
1050 2145 1218 2224 commer-

181 2275 270 2344 cium
283 2293 431 2358 servare,
447 2283 555 2345 molus
572 2275 690 2344 aelerui
705 2253 829 2362 omnio,
845 2284 943 2366 alque
955 2275 1058 2362 eliam
1072 2273 1221 2344 ociorum

181 2405 348 2484 nostrum,
367 2405 527 2488 perpetuo
545 2400 695 2488 regentis
713 2417 890 2470 memores.
990 2493 994 2499 Ι

230 2646 282 2714 De
305 2641 472 2714 uoluntate
495 2653 527 2714 cl
551 2640 732 2714 desummo
756 2639 849 2714 borio.
878 2681 919 2693 -
944 2641 1017 2712 Nou
1036 2645 1080 2712 ilo
1105 2626 1219 2712 aulem

182 2788 219 2837 se
233 2788 287 2837 res
301 2765 413 2836 habel.
426 2764 556 2858 Quippe
566 2765 653 2858 quod
668 2764 778 2856 ipsum
789 2764 892 2834 animi
906 2765 1008 2835 oosui
1018 2764 1218 2857 principium

183 2912 257 2962 esse
283 2890 416 2983 aliquod
443 2891 517 2964 siue
544 2891 677 2970 nominc
700 2909 821 2980 corpus
839 2889 1067 2979 prouuuliuvil
1093 2889 1220 2960 Lucre·

183 3014 269 3096 lius,
293 3013 324 3083 id
353 3013 511 3103 imposito
532 3012 663 3082 caeleris
690 3011 791 3080 rebus
818 3011 959 3100 imperio
977 3011 1080 3080 leucri
1102 3021 1217 3104 negot.

184 3131 1221 3227 Quideoimeiprolecisselignolorumdeorumjugumquasia

184 3259 315 3329 cervice
329 3259 536 3342 excussisse,
547 3257 734 3346 ignotorum
748 3256 1022 3346 corpusculorum
1034 3255 1219 3327 dominium

222 3512 536 3595 (prorumpo-mo,

264 3654 326 3712 lam
337 3656 436 3728 triplex
452 3656 536 3712 animi
547 3665 590 3711 est
604 3656 688 3732 igilur
698 3666 794 3712 nulum
809 3664 937 3727 repertu
1211 3724 1217 3734 q

261 3759 320 3819 Nec
332 3771 424 3818 tomen
435 3762 497 3818 haeo
509 3771 552 3817 sut
564 3769 629 3817 sunl
643 3762 676 3816 ud
689 3743 800 3817 sensum
815 3768 913 3816 cuncto
926 3759 1074 3820 creandum
1088 3777 1096 3815 ι
1213 3821 1218 3848 ‚

264 3863 310 3923 Nil
321 3869 420 3924 horum
434 3865 563 3939 quonium
575 3865 759 3938 recipilmeus
769 3880 852 3937 posse
863 3881 958 3922 oreore

262 3969 419 4030 Scusiieros
434 3981 536 4038 molus,
548 3971 674 4043 quodum
688 3972 753 4043 quei
765 3980 858 4028 meme
868 3971 1005 4028 volutem.

264 4072 369 4146 Quarto
378 4091 491 4150 quoque
500 4075 544 4131 his
555 4075 639 4149 igilur
650 4075 776 4148 quaedom
790 4085 1011 4134 noturuueccsoe
1022 4083 1065 4130 ost

266 4183 438 4239 Attribuutur
451 4199 459 4237 :
474 4197 506 4238 ea
519 4189 562 4237 eol
572 4181 687 4238 omniuo
697 4181 816 4238 nominis
828 4195 938 4252 expers.
