3086 5068
168 579 320 650 nonnulla
341 591 443 644 temen
469 573 607 645 eminent
635 601 705 665 quae
727 592 877 647 testentur
891 579 1016 668 Epicuri
1033 584 1206 650 doctrinam

170 685 345 762 aLucretio
359 691 503 758 etiamad
518 685 649 758 verbnm
665 694 846 761 fidelissime
856 696 895 761 ad
908 697 1066 765 Romanos
1075 701 1206 764 transla⁴

167 822 242 888 tam,
257 820 288 874 et
302 827 372 894 quae
386 806 582 872 manifestius
598 807 712 872 faciant
728 809 804 893 quid
826 811 974 894 magistet
986 813 1116 898 ejusque
1136 813 1204 878 dis-

167 922 263 1009 cipuli
280 922 319 987 de
336 938 457 988 summo
475 921 560 986 hono
585 932 616 986 et
636 921 675 986 de
688 921 749 986 diis
766 924 932 990 senserint.
952 925 1088 992 Collecta
1108 928 1212 1012 igitur¹

167 1039 293 1104 illorum
309 1037 414 1115 verba,
435 1046 585 1120 qnantum
602 1035 643 1100 ad
662 1035 879 1102 illustrandam
898 1041 1047 1104 moralem
1059 1051 1090 1106 et
1105 1053 1205 1106 meta-

167 1150 329 1238 physicam
344 1148 494 1216 doctrinae
511 1159 630 1234 partem
644 1149 821 1226 tenderent,
837 1151 1046 1220 dissertationi
1060 1173 1137 1219 meae
1159 1153 1207 1218 in*

169 1263 252 1330 serni
266 1263 330 1346 (l).

215 1378 291 1454 Quae
304 1377 384 1453 loca,
396 1397 414 1441 a
425 1376 533 1442 Graeco
542 1377 575 1442 in
586 1378 715 1442 latinum
723 1379 763 1442 ab
774 1379 850 1463 ipsis
859 1380 1033 1446 editoribus
1042 1383 1200 1459 translata,

170 1502 290 1557 mutare
306 1490 411 1567 nolui,
432 1490 487 1556 sed
504 1490 738 1574 religiosissime
753 1493 885 1570 servavi,
903 1513 942 1560 ne
966 1495 1052 1579 quod
1066 1496 1205 1562 eminen-

170 1605 282 1682 tissimi
297 1604 343 1669 illi
360 1605 417 1671 riri
437 1605 675 1690 diligentissime
693 1605 829 1673 fecerant
842 1609 996 1692 corrigere
1009 1608 1142 1687 viderer,
1158 1623 1205 1676 at*

170 1737 231 1804 que
246 1738 285 1783 ne
294 1719 468 1805 ipseavera
479 1719 682 1784 obscurorum
694 1719 937 1803 fragmentorum
950 1721 1202 1806 interpretatione

155 1833 294 1918 'longius
310 1833 496 1899 aberrarem.

212 1948 289 2013 Mihi
304 1961 406 2014 tamen
419 1948 578 2014 latendum
595 1969 715 2015 menon
730 1951 869 2035 potuisse
883 1951 1072 2017 inmanibus
1087 1953 1202 2018 hahere

166 2063 273 2148 plures
287 2081 381 2147 quam
394 2082 447 2128 sex
461 2063 578 2148 primos
593 2064 870 2129 Herculanensium
883 2049 1076 2131 voluminum
1089 2067 1199 2144 libros,

168 2171 285 2259 quihus
296 2169 440 2240 contenta
455 2168 558 2240 inveni
572 2195 666 2260 opera
680 2195 750 2260 quae
763 2187 936 2268 sequuntur
951 2199 958 2240 z

167 2313 204 2378 Τ.
229 2313 257 2388 l.
286 2313 384 2378 1793.
398 2314 572 2380 Philodami
586 2314 631 2380 De
644 2315 764 2385 Musica
782 2316 797 2400 (
820 2317 846 2400 ).
943 2367 945 2374 .
1053 2317 1120 2381 Col.
1144 2317 1200 2382 38.

167 2427 206 2492 t.
223 2425 265 2492 ll.
286 2425 384 2492 1809.
396 2428 522 2512 Epicuri
540 2429 585 2494 lle
600 2428 727 2494 Natura.
745 2428 815 2493 Lib.
834 2429 894 2514 ll(
917 2431 943 2512 l.
1049 2429 1116 2496 Col.
1145 2432 1200 2495 11.

738 2542 807 2606 Lib.
823 2543 868 2606 xl
881 2543 943 2628 (41.
1047 2545 1115 2609 Col.
1143 2546 1194 2610 13.

167 2656 204 2720 Τ.
218 2655 274 2720 lll.
290 2655 388 2720 teat.
406 2647 639 2722 PhilodemiDe
658 2655 823 2719 virtutibus
841 2656 926 2720 etde
949 2655 1033 2721 vitiis
1050 2657 1203 2741 oppositis

210 2779 240 2832 et
254 2767 293 2834 de
307 2788 411 2833 rerum
423 2767 573 2852 subjectis
587 2779 617 2832 et
633 2768 774 2851 objectis.
793 2768 863 2833 Lib.
879 2769 924 2833 tx
945 2770 1010 2853 (b).
1048 2767 1116 2835 col.
1143 2764 1197 2834 18.

133 2981 136 2985 ’
205 3026 255 3108 (1)
269 3027 382 3104 vraep.
402 3029 635 3101 11101101,
651 3029 755 3088 tato.

205 3128 256 3212 (2)
268 3131 312 3190 lbi
325 3135 594 3193 animadvertendum
611 3135 744 3207 imprimis
757 3135 822 3208 quid
837 3126 906 3212 (col.
919 3130 973 3211 at)
986 3135 1020 3192 de
1034 3135 1146 3196 musice
1160 3136 1203 3190 in·

163 3237 425 3310 condonabantur,
442 3253 496 3295 non
511 3237 643 3295 divinitus
657 3238 777 3305 emissae,
794 3239 842 3294 sed
858 3239 960 3296 sensim
976 3246 1004 3296 et
1022 3248 1120 3295 natura
1138 3255 1201 3310 per·

163 3340 255 3410 fectae,
278 3352 307 3398 et
331 3343 468 3416 quomodo
486 3339 555 3420 (001.
575 3338 629 3420 35)
650 3344 684 3398 ad
708 3342 922 3414 metaphoricam
948 3342 1199 3415 interpretationem

163 3445 262 3517 priscae
277 3445 418 3521 religionis
430 3444 693 3519 mythireferantur.

204 3541 255 3626 (3)
269 3545 371 3623 Aliqua
385 3549 488 3607 mentio
504 3557 546 3606 est
559 3550 594 3606 de
607 3549 768 3621 corporibus
781 3549 877 3622 primis
892 3557 919 3605 01
933 3550 971 3607 de,
983 3565 1072 3606 rernm
1082 3549 1199 3624 origine.

203 3648 303 3732 (l)De
315 3654 370 3712 situ
385 3666 476 3723 terre,
488 3654 619 3712 meteoris
632 3663 660 3712 et
672 3654 738 3712 solis
748 3663 824 3711 motu
838 3653 938 3728 agitur.

203 3755 254 3838 (h)
271 3757 358 3817 Liber
371 3761 406 3816 de
419 3760 574 3817 oeconomia
588 3769 635 3816 aut
646 3760 681 3816 de
697 3758 813 3831 sapienti
828 3759 1002 3832 acquirendis
1017 3768 1045 3815 et
1059 3758 1202 3815 servandis

161 3865 276 3924 divitiis.
294 3862 335 3922 lbi
350 3865 450 3940 legitur
465 3860 534 3942 (001.
553 3860 628 3944 17);
647 3883 661 3918 r
678 3864 779 3937 Aliqua
789 3865 870 3923 etiam
885 3879 978 3921 eorum
995 3879 1056 3936 000
1072 3880 1088 3919 a
1106 3859 1202 3920 Xeno·

160 3965 586 4056 011001001Τ1100011000101001,
602 3970 788 4027 concessimus
798 3983 859 4024 esse
873 3967 1128 4040 nonimprobanda
1145 3973 1201 4022 eta

160 4073 334 4148 philosophis
362 4073 409 4130 illa
433 4089 543 4147 quoque
565 4073 728 4132 vindicanda
743 4085 750 4127 ε
766 4072 960 4128 erubescentes
982 4070 1073 4143 potins
1095 4069 1119 4126 si
1133 4063 1200 4142 quid
1218 4097 1221 4100 ι

161 4178 229 4236 utile
239 4179 497 4252 pretermiserimus
511 4196 591 4252 quaro
609 4179 631 4235 si
642 4175 707 4251 quid
721 4177 755 4233 ab
770 4176 831 4234 aliis
841 4185 1008 4234 mutuemur.
1023 4172 1161 4244 Profecto,
1176 4174 1199 4230 si
1293 4195 1298 4200 ·
