3086 5068
630 483 789 541 ...51-

191 615 342 689 doctrina
360 625 409 689 cst
427 607 554 686 attente
567 615 783 708 sejungenda.
802 611 948 708 Utraque
962 615 1057 687 alteri
1076 616 1227 690 immixta

192 759 257 811 nou
274 738 446 831 prodesse,
463 737 523 810 sed
537 760 659 812 nocere
674 747 796 830 potest.

239 859 337 944 Quod
365 859 565 952 principium
590 875 700 930 rerum
720 859 936 951 physicarum
953 860 1157 944 invenimus,
1178 871 1228 931 est

190 991 259 1054 tam
276 981 420 1054 alienum
439 982 482 1052 ab
497 982 670 1054 intellectu
693 991 727 1054 et
739 977 907 1052 voluntate
921 1003 1022 1073 quam
1036 982 1108 1072 ipsa
1122 982 1228 1052 virtus

189 1103 316 1174 aritio.
332 1105 431 1176 Porro
445 1125 583 1197 aequum
596 1115 648 1177 est
662 1126 729 1177 nou
743 1105 861 1177 rationi
877 1105 1024 1175 tribuere
1039 1103 1127 1197 quod
1147 1103 1228 1175 ratio

189 1227 261 1297 sola
274 1226 487 1318 nonjussissc
503 1227 648 1298 videtur.
667 1226 838 1297 Cartesius
849 1227 955 1319 potuit
966 1227 1071 1312 daea,
1084 1247 1159 1318 quae
1170 1226 1228 1295 ho-

190 1347 381 1434 minimest,
398 1348 529 1420 ratione
540 1347 662 1437 dicere,
674 1348 764 1419 illam
774 1349 926 1420 divinum
938 1349 1071 1440 signum
1084 1359 1118 1420 et
1133 1352 1230 1441 quasi
1302 1373 1305 1380 ¹

185 1479 297 1542 notam
315 1489 482 1542 asumma
494 1471 619 1542 artifice
632 1471 723 1562 operi
735 1491 797 1542 suo
812 1472 1023 1563 impressam.
1037 1469 1125 1542 Num
1139 1470 1229 1542 idem

184 1591 296 1662 dicere
313 1592 477 1682 potuisset
495 1591 538 1662 de
553 1589 654 1662 corde
670 1601 729 1662 aut
747 1587 926 1683 pulmone?
939 1591 1068 1662 ltationi
1086 1605 1231 1662 consen-

184 1721 322 1784 taneum
336 1722 387 1785 est
400 1721 508 1785 totum
523 1722 619 1807 parte
635 1713 740 1806 majus
754 1733 847 1802 esse;
867 1734 932 1785 nou
951 1713 1038 1784 velle
1053 1714 1141 1806 quod
1156 1715 1229 1785 lieri

186 1851 251 1905 non
266 1843 388 1926 potest.
404 1834 492 1919 Quid
507 1843 617 1906 autem
631 1835 745 1906 rationi
762 1844 1024 1906 consentaneum
1040 1836 1118 1906 anni
1133 1844 1228 1907 tem·-

185 1965 334 2047 pestates
357 1968 501 2050 quatuor
524 1959 610 2046 sint,
639 1979 681 2029 an
704 1959 836 2051 plures,
864 1967 965 2050 atque
991 1957 1054 2048 ipsi
1081 1957 1230 2050 quinque

186 2078 341 2150 sensibus
369 2099 413 2150 an
437 2080 589 2172 pluribus
617 2082 722 2152 simus
747 2077 901 2172 pratici?
925 2080 1091 2152 Caeterum
1113 2099 1230 2171 paucae

188 2209 266 2272 sunt
281 2221 395 2272 causae
409 2202 542 2285 finales,
564 2203 750 2272 innumerae
767 2211 879 2274 autem
898 2201 961 2273 viae
980 2201 1102 2295 quibus
1117 2201 1156 2272 ad
1173 2223 1229 2272 eas

188 2323 356 2418 perveniri
379 2333 498 2415 potest.
524 2324 597 2395 Non
626 2333 765 2415 apparet
795 2343 898 2416 quare
922 2345 1099 2417 perunum
1121 2325 1229 2416 potius

187 2465 290 2537 quam
303 2464 362 2538 per
376 2445 513 2516 alteram
529 2445 579 2515 vis
594 2447 738 2516 creatrix
753 2445 940 2534 incesserit,
961 2467 1064 2538 quare
1081 2447 1122 2516 ad
1138 2447 1229 2516 bunc

189 2563 418 2655 potiusquam
439 2563 591 2634 edilium
613 2564 712 2634 inem
731 2565 906 2656 pervenire
925 2564 1115 2635 tentaverit.
1133 2564 1226 2647 Quod

189 2684 349 2756 animost
365 2685 538 2776 multiplex
563 2686 739 2756 sicarium
759 2705 824 2754 non
843 2705 862 2756 a
880 2685 1007 2755 ratione
1027 2684 1173 2776 simplici
1191 2693 1225 2755 ct

189 2806 387 2878 immutabili
417 2807 600 2898 procedere
628 2817 748 2898 potest.
773 2807 834 2878 Ubi
858 2807 1040 2880 necessitas
1069 2816 1226 2898 apparet,

189 2947 303 2998 causae
315 2927 432 2999 finales
447 2948 469 2996 a
486 2928 584 3018 priori
598 2929 729 3020 concipi
745 2939 902 3020 possunl;
919 2928 975 2998 ubi
986 2928 1227 3020 contingentia,

189 3064 257 3116 non
272 3052 410 3137 possunt
423 3046 487 3116 nisi
502 3047 710 3138 experientia
725 3047 884 3138 cognosci
898 3043 967 3142 (l).

238 3167 380 3240 Interest
398 3166 501 3260 igitur
514 3178 549 3239 et
570 3170 642 3239 veri
662 3177 695 3238 et
719 3188 848 3238 morum
867 3189 935 3239 non
954 3189 993 3238 ea
1008 3187 1087 3260 quae
1104 3168 1229 3238 ratione

190 3309 266 3360 cunr
287 3289 330 3360 iis
346 3309 422 3383 quau
438 3287 501 3362 alie
522 3310 626 3362 causa
645 3291 728 3360 liunt
749 3291 910 3372 miscere,
928 3310 1037 3382 nequa
1054 3289 1229 3360 scientiam

194 3431 272 3503 quae
284 3410 350 3484 lilia
363 3412 522 3504 temporis
534 3433 613 3484 cum
628 3433 667 3483 ea
686 3432 776 3503 quae,
797 3413 890 3483 velut
905 3412 1068 3496 lllinerva,
1088 3409 1230 3482 bominis

196 3543 309 3606 mente
345 3533 518 3627 externplo
554 3533 701 3605 nascitur
740 3533 955 3605 confundere.
995 3534 1101 3605 Aliter
1139 3531 1228 3604 enim

190 3653 333 3745 physica
349 3653 492 3726 scientia
506 3653 679 3746 religionis
694 3674 790 3725 serve
805 3654 889 3724 male
912 3654 1110 3745 proliceret,
1129 3662 1228 3744 atque

190 3777 262 3867 ipsa
270 3775 401 3867 religio,
411 3774 585 3848 melocum
595 3777 803 3870 experientia
813 3775 1012 3848 commercio
1027 3774 1225 3857 adulterata,

191 3917 292 3970 vanae
307 3900 547 3990 superstitionis
561 3919 684 3972 nomen
700 3901 819 3970 mereri
834 3898 1016 3969 videretur.

210 4063 215 4075 γ
231 4089 283 4174 (1)
292 4093 337 4162 Ci.
347 4112 409 4170 quae
419 4093 523 4155 Fenelo
534 4107 628 4157 noster
639 4099 674 4156 de
686 4097 792 4156 infinita
804 4071 915 4158 creandi
925 4098 1064 4168 facultate,
1076 4114 1158 4172 quarn
1169 4095 1229 4155 Deo

192 4199 298 4270 tribuit,
315 4199 343 4256 in
357 4201 545 4273 metaphysica
560 4203 676 4274 epistola
686 4202 836 4274 scripserit.
