3086 5068
630 482 669 496 ...
692 453 728 512 35
751 483 789 496 .-

187 584 320 678 ipsum,
345 580 377 654 id
410 591 462 654 εει
488 582 681 674 corporibus
704 583 834 674 primis,
852 543 1013 656 eristum.
1038 584 1136 669 illud,
1156 609 1222 678 quo

187 703 398 796 nimiminus,
414 713 478 791 εει,
492 711 525 774 ει
539 725 604 774 non
614 705 709 774 vivit.
724 704 863 775 Mundus
875 715 988 776 autem
1001 707 1096 790 vivit,
1110 719 1145 780 ot
1157 730 1222 780 non

190 835 255 897 εει.
268 824 328 909 Qui
344 845 404 895 nos
418 825 457 894 ud
467 823 514 910 id,
531 845 597 915 quo
609 823 690 893 nihil
707 825 824 916 majus,
841 826 979 898 tendere
993 831 1221 920 agnoscimus,

191 948 247 1040 qui
274 966 335 1016 nos
353 946 417 1016 diis
438 945 563 1015 similes
587 945 801 1033 arbitramur,
828 967 894 1016 nun
913 950 946 1017 in
965 950 1107 1040 eoquod
1128 951 1223 1034 vivit,

191 1069 250 1141 sed
267 1069 300 1140 in
318 1089 357 1138 eo
375 1066 465 1159 quorl
481 1074 553 1152 εει,
574 1087 640 1137 non
658 1066 691 1136 in
711 1066 833 1137 mundo
847 1068 934 1137 veris
948 1068 1012 1138 (liis
1027 1090 1147 1151 vuouo,
1166 1072 1225 1142 sed

192 1200 288 1262 extra
308 1190 468 1261 muudum
487 1188 577 1281 opud
604 1188 694 1278 ipsos
713 1187 812 1276 deos,
838 1189 1039 1281 principium
1058 1193 1227 1284 finemquo

192 1321 341 1382 nostrum
356 1331 431 1382 εεεε
446 1308 596 1381 confiteri
612 1306 788 1380 debemus.

241 1434 314 1505 Non
329 1454 348 1502 ε
365 1432 466 1503 nihilo
484 1431 631 1503 mundus
649 1431 766 1515 oritur,
784 1431 861 1522 quio
873 1451 939 1501 non
950 1451 1028 1514 vero
1046 1443 1110 1518 εει,
1127 1442 1229 1526 atquo

195 1556 283 1626 aliud
298 1557 332 1625 in
347 1576 386 1626 oo
401 1576 503 1646 quam
518 1555 631 1624 innuo.
648 1553 747 1624 lnnne
760 1563 872 1625 nutem
887 1553 1068 1645 perlectum
1083 1565 1117 1626 ει
1133 1555 1230 1627 abso·

195 1680 303 1752 lutum
318 1699 383 1748 non
402 1687 454 1748 εει
464 1687 594 1748 tantum
609 1675 671 1747 diis
679 1686 779 1768 atque
790 1676 981 1748 homiuibus
994 1677 1100 1764 locun,
1117 1679 1230 1772 inquo

195 1808 288 1886 sunt,
307 1799 367 1871 sed
384 1808 489 1871 totum
509 1821 552 1870 ex
570 1821 635 1892 quo
658 1806 823 1870 constant.
846 1798 918 1869 Non
937 1798 981 1869 ibi
998 1799 1099 1890 igitur
1118 1805 1232 1871 rorum

195 1932 324 1994 noturae
338 1922 518 2016 quaerendu
530 1922 636 2013 origo,
651 1920 707 1992 ubi
720 1921 872 1994 hominos
885 1926 918 1990 ει
937 1920 984 1991 dii
998 1921 1059 1991 soli
1074 1942 1149 1993 esso
1160 1943 1235 2014 pos·

197 2053 286 2115 sunt.

247 2166 401 2236 Sinamus
415 2159 498 2257 or'go
513 2164 673 2235 mundum
689 2163 857 2234 continuis
868 2162 1107 2234 mutationibus
1118 2163 1233 2234 malis·

198 2311 262 2383 que
279 2288 376 2359 tradi.
396 2288 487 2359 lilius
511 2296 563 2358 ost
586 2288 654 2358 vito
671 2286 833 2358 damnari.
857 2287 1010 2358 Nostrum
1028 2294 1080 2357 ost
1098 2307 1116 2356 ε
1132 2285 1234 2356 nihilo

199 2413 329 2496 uenire,
349 2411 390 2483 od
416 2411 558 2483 nihilum
578 2412 715 2483 reverti.
746 2411 903 2483 Nostrum
924 2421 976 2483 est
1000 2432 1075 2485 esso
1099 2409 1132 2481 in
1146 2409 1236 2482 inani

199 2535 263 2606 diis
276 2534 435 2607 similium
452 2534 574 2607 beatis.
