3086 5068
754 471 914 528 ..54-

311 599 371 672 sel
389 598 604 670 lundomenlo
616 597 723 672 stabili
737 609 771 670 el
792 601 924 692 proprio
946 608 1050 687 stare,
1073 599 1114 670 ad
1136 599 1246 690 prima
1272 619 1353 670 cor-

312 741 393 812 pora
417 719 581 812 confugit,
601 741 675 812 quae
691 729 819 792 relerna
840 741 915 796 esse
940 719 1076 792 diciret
1099 729 1194 792 molo
1223 728 1353 792 aelerno

312 841 425 913 omnia
442 841 585 912 allicere.
604 843 654 913 lle
669 841 748 933 ipsis
765 852 878 914 aulem
892 843 1083 915 simulacris
1097 853 1197 937 alque
1219 844 1261 914 de
1277 839 1351 934 pri-

314 966 377 1036 mis
401 964 594 1057 corporibus
611 965 692 1036 nihil
714 966 816 1037 habel
837 967 980 1057 amplius
996 965 1193 1048 (licendum,
1222 965 1347 1058 quippe

313 1092 541 1176 quaenoslros
565 1105 683 1156 sensus
707 1085 880 1177 allegianl.
906 1085 979 1158 Sinl
1001 1086 1102 1176 igilur
1125 1105 1231 1168 eaeca,
1259 1087 1352 1156 omni

312 1204 415 1275 lorma
437 1203 593 1276 deslilula
616 1214 842 1291 nemeaeum,
871 1214 907 1276 el
934 1226 1010 1300 quae
1033 1225 1126 1276 mens
1151 1225 1219 1276 non
1244 1205 1353 1295 magia

314 1327 427 1418 capiar
440 1348 541 1420 quem
558 1327 667 1418 ipsum
687 1328 802 1414 inane,
829 1329 861 1400 in
878 1347 1001 1421 quoae
1017 1349 1112 1412 esse,
1135 1337 1172 1398 el
1186 1347 1245 1419 per
1261 1327 1352 1419 quod

314 1469 353 1518 ea
366 1448 506 1530 moveri,
523 1457 558 1518 el
572 1456 726 1520 naturam
741 1450 945 1536 fieri,vales.
963 1450 1122 1522 inaudilae
1135 1449 1255 1521 labulae
1268 1469 1353 1520 auc·

316 1585 379 1655 tor,
397 1570 558 1641 declarat.

319 1735 321 1742 ’
362 1739 610 1810 Relinnisenim
625 1742 731 1833 ipsius
749 1741 871 1812 oblilus
887 1750 921 1812 el
935 1749 1024 1812 lolus
1045 1741 1086 1812 ad
1112 1760 1166 1811 res
1189 1749 1350 1812 externas

316 1883 512 1947 conversus,
530 1863 609 1935 nihil
625 1865 706 1934 certi
725 1873 832 1955 pulei,
848 1865 910 1935 nisi
926 1865 1012 1956 quod
1034 1865 1096 1935 sub
1107 1865 1227 1935 sensus
1240 1864 1351 1935 oadal.

314 1986 429 2078 llaque
447 1987 568 2057 nullam
587 1987 649 2056 nisi
670 2007 846 2078 corporum
871 1987 1046 2058 seianliam
1066 1987 1232 2079 agnoscit,
1249 1995 1354 2079 alque

315 2107 424 2197 ipsam
442 2129 553 2177 rerum
577 2109 814 2199 cognitionem,
845 2130 911 2201 quo
938 2108 1116 2178 certiorem
1140 2108 1251 2198 lacial,
1279 2107 1354 2186 vuli

318 2228 565 2320 quodammodo
592 2249 666 2299 esse
684 2250 900 2322 corpoream.
925 2229 1037 2315 Quum
1055 2240 1168 2300 aulem
1187 2229 1266 2300 illud
1282 2229 1354 2300 fieri

318 2349 475 2442 nequem,
497 2352 574 2443 quill
597 2352 731 2443 prodest
753 2350 905 2422 Lucrelio
927 2351 1104 2422 simulacra
1126 2351 1262 2422 finxisse
1278 2371 1354 2442 quac

317 2475 382 2546 sub
400 2497 518 2547 sensus
537 2495 602 2546 nou
620 2476 763 2562 cadent,
782 2474 845 2544 nisi
864 2482 899 2544 nl
916 2493 972 2544 res
989 2483 1023 2546 el
1041 2481 1183 2545 menlem
1203 2495 1269 2544 nou
1288 2494 1355 2544 co-

319 2599 435 2689 gnosci
448 2621 544 2692 posse
559 2592 655 2670 lateri
672 2599 847 2669 uidealurl
883 2621 886 2624 ·

368 2737 600 2854 Nequidquam
624 2760 714 2830 enim
735 2759 776 2830 ad
797 2759 949 2830 scienliae
968 2757 1164 2849 principium
1184 2764 1219 2828 cl
1241 2777 1353 2826 rerum

237 2861 249 2878 ⁸
324 2882 486 2974 originem
495 2880 672 2972 pervenire
683 2889 804 2970 lenlal3
819 2880 942 2973 quippe
952 2881 1020 2964 cui,
1030 2881 1185 2950 sensibus
1199 2879 1355 2950 delicien-

321 3004 423 3090 ribus,
443 3003 553 3074 omnia
572 3003 728 3074 deficiant
742 3023 883 3074 necessa
901 3011 962 3072 esl.
979 3001 1073 3074 Tunc
1100 3002 1203 3082 verba
1221 3001 1355 3072 sibimel

319 3126 402 3218 ipsis
430 3127 655 3218 repugnantia
685 3126 838 3197 balbulil.
888 3125 946 3210 El,
980 3127 1173 3218 quasique
1202 3123 1355 3214 religioni

321 3247 490 3340 objecerat
517 3247 579 3339 ipsi
599 3247 667 3339 jam
689 3248 808 3318 merilo
839 3246 935 3339 objici
960 3245 1108 3339 possinl,
1137 3267 1215 3316 eum
1244 3242 1357 3316 omnia

322 3370 362 3439 orl
393 3369 531 3439 nihilum
560 3369 724 3460 redigere,
750 3369 870 3440 ilerum
897 3377 996 3461 alque
1025 3369 1146 3438 ilerum
1177 3365 1257 3438 dicil
1278 3384 1355 3452 ‚nou

323 3495 434 3564 minus
447 3513 520 3564 esse
536 3499 626 3563 ocrla
641 3513 717 3584 quae
731 3492 836 3563 oculis
849 3512 914 3562 non
929 3492 1084 3566 videnlur
1097 3510 1200 3581 quom
1215 3509 1291 3582 quae
1305 3487 1357 3556 vi-

323 3618 455 3688 danlur.

403 3845 555 3923 Nuncage‚
569 3865 614 3906 res
625 3849 754 3922 quoniam
767 3847 847 3904 docui
862 3863 917 3903 non
932 3861 1014 3918 posse
1028 3845 1115 3902 creari

403 3951 446 4010 De
460 3954 557 4022 nihilo,
572 3969 662 4026 neque
675 3955 740 4009 irem
756 3954 862 4028 genitas
875 3953 908 4008 ad
922 3951 960 4007 nil
973 3951 1113 4018 revocari;

403 4053 512 4129 Neque
526 4056 595 4112 forle
610 4067 700 4113 lamen
715 4065 819 4129 coeples
833 4055 959 4112 dillrdure
971 4054 1081 4121 diercis,

403 4157 484 4228 Quod
498 4169 639 4234 nequeam
649 4160 737 4218 oculis
749 4175 840 4218 rerum
855 4160 1004 4232 primordia
1020 4160 1115 4227 uerni;
