3086 5068
740 423 908 471 *att-e

352 541 526 610 Philodami
542 541 704 608 novitiis.
720 540 908 625 Liuxdt
1191 538 1258 606 Gol.
1288 537 1341 606 16.

309 661 334 725 Τ
358 659 410 725 tv.
426 651 522 723 tect.
542 652 708 741 Polystrati
722 655 766 720 De
777 655 894 740 injusto
909 662 1087 738 contemptu
1100 649 1182 740 (bt
1201 683 1206 688 ·
1268 677 1271 688 Δ
1290 683 1297 692 Ν·
1339 681 1351 692 ··

399 771 461 837 Atii
474 790 546 837 vero
560 769 734 834 inscribunt
749 783 756 831 ἐ
771 768 930 834 Adversus
944 769 1064 853 eosqui
1077 769 1192 854 injuste
1205 769 1348 836 contem·

354 897 433 950 nunt
442 883 611 969 opiniones
628 880 711 966 apud
725 880 840 945 multos
851 892 1003 966 receptas·
1090 913 1093 916 ·
1209 915 1211 918 ·
1229 897 1243 914 '¹

399 998 574 1064 Philodemi
591 997 635 1062 De
647 995 816 1060 Rhetorica
831 995 896 1080 (3).
1195 996 1262 1062 Col.
1290 995 1354 1062 tt.-

312 1108 350 1178 Τ.
376 1113 414 1176 V.
443 1111 542 1176 1835.
560 1108 735 1175 Philodemi
750 1110 795 1173 De
809 1105 986 1174 Rhetorica.
1177 1108 1264 1174 'Goi
1291 1109 1347 1174 et.

402 1222 577 1290 Philodemi
593 1241 771 1288 sermonum
782 1221 821 1288 de
834 1221 897 1286 vita
917 1229 947 1286 et
963 1221 1103 1286 moribus
1119 1223 1351 1308 compendiaria
1413 1209 1414 1212 ¹

309 1339 316 1357 ⁸
356 1339 475 1404 ratione
498 1347 713 1420 excerptorum
733 1353 749 1399 e
776 1333 910 1400 Zenonis
930 1334 1076 1398 libris...
1094 1335 1149 1420 qui
1168 1345 1220 1400 est·
1238 1336 1352 1402 dedi-

356 1451 447 1519 cendi
463 1451 606 1532 libertate
629 1449 683 1533 (d)
1003 1491 1005 1496 ι
1077 1478 1079 1486 v
1141 1479 1167 1488 ⁴·
1197 1449 1279 1516 Geir·
1293 1447 1355 1514 tt:

315 1561 352 1632 Τ.
379 1567 420 1630 vt
450 1563 773 1630 tout-›Philodemi
788 1563 827 1628 de
846 1557 981 1628 Deorum
999 1562 1124 1630 vivendi
1145 1563 1278 1642 ratione,
1295 1583 1352 1648 per

361 1682 555 1764 conjectures
579 1676 775 1761 investigata,
803 1677 975 1742 secundum
1002 1677 1139 1742 Zenonis
1160 1675 1350 1762 placita(5).

1198 1789 1268 1854 dot.
1296 1789 1363 1853 15:

405 1904 574 1972 Metrodori
589 1908 634 1972 De
650 1903 915 1988 Sensationibus(
938 1905 965 1986 ).
1200 1903 1269 1969 dol.
1283 1903 1348 1978 -91,

317 2075 379 2148 quis
394 2091 444 2132 nos
458 2059 568 2132 accuset
582 2075 656 2148 quod
667 2075 702 2130 de
717 2073 873 2130 oeconomia
882 2086 977 2128 rursus
988 2071 1152 2141 scribamus,
1167 2069 1357 2136 uobissufficit

319 2173 469 2250 Metrodori
491 2177 660 2250 exemplum,
676 2178 736 2250 qui,
756 2185 818 2248 post
834 2171 996 2246 Epicurum,
1013 2173 1149 2248 precepta
1166 2185 1194 2232 et
1210 2176 1315 2233 ‘monite
1328 2183 1357 2231 et

319 2268 528 2340 constitutiones
541 2283 695 2338 accuratius
708 2291 736 2337 et
751 2294 838 2352 usqua
853 2279 888 2334 ad
904 2279 1049 2336 minutiore
1063 2279 1173 2336 tradidit
1182 2275 1213 2336 et
1230 2281 1289 2352 ipse
1304 2295 1357 2336 ex-

320 2397 431 2452 secutus
444 2395 498 2442 est.
517 2404 529 2437 n

360 2483 412 2568 (i)
425 2487 467 2546 De
480 2487 609 2562 superbia
624 2489 827 2546 commentatio.

362 2589 412 2674 (i)
426 2591 512 2652 Multa
522 2594 559 2650 ibi
572 2605 718 2652 occurrunt
729 2596 848 2652 notanda
863 2595 897 2652 de
907 2593 1051 2668 Epicureas
1063 2597 1196 2656 doctrinm
1204 2597 1319 2655 utilitate
1332 2605 1362 2655 ct

322 2700 356 2756 de
372 2716 453 2756 causa
466 2701 611 2766 malorum,
627 2715 742 2771 quorum
753 2701 813 2771 ipsa
826 2701 978 2758 remedium
991 2699 1080 2758 aiiert.
1145 2735 1147 2740 .

361 2799 413 2880 (3)
425 2791 506 2871 Quod
516 2803 614 2860 librum
626 2803 711 2859 multa
724 2803 866 2876 diligentia
876 2804 962 2860 edidit
975 2799 1009 2860 F.
1025 2801 1109 2874 Gros‚
1124 2807 1197 2878 apud
1209 2801 1241 2862 F.
1255 2803 1358 2879 bicor,

325 2905 414 2963 tcta.

239 3047 243 3056 ·
362 3005 413 3088 (d)
422 3006 493 3068 Sunt
505 3010 538 3066 ad
552 3009 693 3066 monitoris
707 3017 785 3065 usutn
799 3009 922 3065 consilia.

364 3107 416 3192 (5)
426 3109 494 3170 Erat
505 3129 575 3186 opus
590 3113 731 3185 proposito
745 3128 807 3169 meo
820 3113 939 3169 maxime
953 3115 1200 3182 accommodatum,
1214 3115 1263 3171 sed
1273 3116 1358 3190 quod,
1380 3193 1382 3198 Ι

325 3219 396 3277 tristi
408 3217 475 3286 fato,
488 3217 607 3274 maxime
617 3225 775 3288 corruptum
785 3215 930 3272 habemus.
940 3213 1052 3274 Testem
1062 3219 1152 3290 ipsum
1165 3219 1299 3276 editorem
1311 3211 1373 3276 aus

324 3325 398 3380 dite:
413 3342 429 3376 u
445 3319 601 3379 Philodemi
611 3321 752 3388 volumen,
767 3320 845 3391 cujus
856 3321 1031 3393 explicationi
1046 3322 1233 3392 incubuimus,
1247 3316 1305 3381 iere
1314 3319 1363 3382 dc'-

324 3433 440 3500 speratae
454 3425 580 3482 lectionis
593 3431 651 3480 erat
663 3437 670 3479 :
683 3424 710 3478 iu
724 3423 856 3504 plurimas
873 3425 947 3480 enim
965 3425 1079 3482 lacinias
1095 3415 1274 3500 discerptum,
1288 3428 1363 3503 rugis

326 3533 428 3605 ubique
437 3531 623 3603 deturpatum,
638 3529 804 3586 immanibus
818 3530 897 3586 bians
907 3510 1024 3601 lacunis}
1042 3533 1156 3604 pulvere
1169 3550 1202 3590 ac
1214 3535 1269 3591 situ
1282 3551 1365 3607 squa-

325 3637 397 3703 lens,
411 3634 592 3692 litterularum
603 3633 748 3690 abrasicue
760 3631 880 3702 fadum,
897 3632 1028 3708 singulari
1050 3617 1214 3693 characteris
1233 3636 1366 3694 varietate

327 3738 531 3795 incommodum
544 3745 572 3793 et
582 3737 713 3793 inusitata
725 3751 845 3793 nexuum
855 3737 1031 3795 multitudine
1043 3738 1226 3810 implicatum,
1239 3741 1367 3798 innume·

327 3839 567 3898 rabilcs'salebras
580 3850 662 3912 atque
671 3839 802 3914 ambages
814 3838 882 3896 illud
896 3841 1120 3910 percurrentibus
1134 3842 1284 3912 objecerat.
1300 3861 1318 3897 n
1383 3818 1388 3830 ⁸

329 3927 330 3932 ἵ
368 3940 419 4023 (6)
431 3941 518 4018 Cujus
530 3944 678 4003 voluminis
692 3944 807 4020 pagella
819 3954 884 4002 sunt
895 3958 992 4004 omnes
1007 3944 1131 4005 iniericri
1146 3956 1222 4020 perte
1237 3955 1291 4006 tarn
1306 3927 1369 4004 mu·
1384 3953 1386 3965 ¹

329 4049 400 4120 tite,
418 4058 447 4107 ut
462 4065 553 4108 sermo
568 4050 603 4107 sit
617 4057 751 4124 perpetuo
763 4050 943 4124 interruptus.

784 4176 918 4204 -'-.-'.-...
